
@article{Lele1991,
author = {Lele, Sanjiva K.},
journal = {Journal of Computational Physics},
volume = {103},
page = {16-42},
title = {{Compact Finite Difference Schemes with Spectral-like Resolution}},
year = {1991}
}


@book{bouchut-b1134936,
   title = "Nonlinear stability of finite volume methods for hyperbolic conservation laws and well-balanced schemes for sources",
   author = "Bouchut, François",
   series = "Frontiers in mathematics",
   publisher = "Birkhäuser",
   address = "Basel, Boston, Berlin",
   url = "http://opac.inria.fr/record=b1134936",
   isbn = "3-7643-6665-6",
   year = 2004
}


@phdthesis{Desquesnes2007,
author = {Desquesnes, Guillaume},
title = {{Couplage par recouvrement de maillages curviligne/cartésien pour la simulation en aéroaccoustique}},
year = {2007},
school = {Université Paris VI Pierre et Marie Curie}
}
