
@phdthesis{Abbas2011,
author = {Abbas, Ali},
title = {{Schémas boîte hermitiens - Algorithmes rapides pour la discrétisation des équations aux dérivées partielles}},
year = {2011},
school = {Université Paul Verlaine - Metz}
}

@article{Archibald2011,
  title={Multiwavelet discontinuous Galerkin-accelerated exact linear part (ELP) method for the shallow-water equations on the cubed sphere},
  author={Archibald, Rick and Evans, Katherine J and Drake, John and White III, James B},
  journal={Monthly Weather Review},
  volume={139},
  number={2},
  pages={457--473},
  year={2011}
}


@unpublished{Brachet2015,
author = {Brachet, Matthieu and Chehab, Jean-Paul},
title = {{Stabilized Times Schemes for High Accurate Finite Differences Solutions of Nonlinear Parabolic Equations}},
year = 2015
}


@book{Bouchut2004,
   title = "Nonlinear stability of finite volume methods for hyperbolic conservation laws and well-balanced schemes for sources",
   author = "Bouchut, François",
   series = "Frontiers in mathematics",
   publisher = "Birkhäuser",
   address = "Basel, Boston, Berlin",
   url = "http://opac.inria.fr/record=b1134936",
   isbn = "3-7643-6665-6",
   year = 2004
}

@article{Chen2008,
  title={Shallow water model on cubed-sphere by multi-moment finite volume method},
  author={Chen, Chungang and Xiao, Feng},
  journal={Journal of Computational Physics},
  volume={227},
  number={10},
  pages={5019--5044},
  year={2008},
  publisher={Elsevier}
}


@phdthesis{Desquesnes2007,
author = {Desquesnes, Guillaume},
title = {{Couplage par recouvrement de maillages curviligne/cartésien pour la simulation en aéroaccoustique}},
year = {2007},
school = {Université Paris VI Pierre et Marie Curie}
}

@article{Galewsky2004,
  title={An initial-value problem for testing numerical models of the global shallow-water equations},
  author={Galewsky, Joseph and Scott, Richard K and Polvani, Lorenzo M},
  journal={Tellus A},
  volume={56},
  number={5},
  pages={429--440},
  year={2004},
  publisher={Wiley Online Library}
}

@article{Katta2015,
  title={High-order finite volume shallow water model on the cubed-sphere: 1D reconstruction scheme},
  author={Katta, Kiran K and Nair, Ramachandran D and Kumar, Vinod},
  journal={Applied Mathematics and Computation},
  volume={266},
  pages={316--327},
  year={2015},
  publisher={Elsevier}
}

@article{Lele1991,
author = {Lele, Sanjiva K.},
journal = {Journal of Computational Physics},
volume = {103},
page = {16-42},
title = {{Compact Finite Difference Schemes with Spectral-like Resolution}},
year = {1991}
}

@article{Nair2002,
  title={The mass-conservative cell-integrated semi-Lagrangian advection scheme on the sphere},
  author={Nair, Ramachandran D and Machenhauer, Bennert},
  journal={Monthly Weather Review},
  volume={130},
  number={3},
  pages={649--667},
  year={2002}
}

@article{Nair2005,
  title={A discontinuous Galerkin global shallow water model},
  author={Nair, Ramachandran D and Thomas, Stephen J and Loft, Richard D},
  journal={Monthly weather review},
  volume={133},
  number={4},
  pages={876--888},
  year={2005}
}

@article{Nair2008,
  title={Moving vortices on the sphere: A test case for horizontal advection problems},
  author={Nair, Ramachandran D and Jablonowski, Christiane},
  journal={Monthly Weather Review},
  volume={136},
  number={2},
  pages={699--711},
  year={2008}
}


@article{Nair2010,
author = {Nair, Ramachandran D. and Lauritzen, Per H.},
title = {{A class of deformational flow test cases for linear transport problems on the sphere}},
journal = {Journal of Computational Physics},
volume = {229},
page = {8868-8887},
year = 2010
}

@book{Powell1981,
  title={Approximation theory and methods},
  author={Powell, Michael James David},
  year={1981},
  publisher={Cambridge university press}
}

@phdthesis{redonnet2001simulation,
  title={Simulation de la propagation acoustique en pr{\'e}sence d'{\'e}coulements quelconques et de structures solides par r{\'e}solution num{\'e}rique des {\'e}quations d'Euler},
  author={Redonnet, St{\'e}phane},
  year={2001},
  school={Bordeaux 1}
}

@article{Ronchi1996,
  title={The “cubed sphere”: a new method for the solution of partial differential equations in spherical geometry},
  author={Ronchi, C and Iacono, R and Paolucci, Pier S},
  journal={Journal of Computational Physics},
  volume={124},
  number={1},
  pages={93--114},
  year={1996},
  publisher={Elsevier}
}


@article{Sadourny1972,
	author = {Sadourny, R},
	title = {{Conservative finite-difference approximations of the Primitive equations on Quasi-Uniform spherical grid}},
	journal = {Monthly Weather Review},
	volume = {100 (2)},
	page = {136-144},
	year = 1972
}

@article{visbal2002use,
  title={On the use of higher-order finite-difference schemes on curvilinear and deforming meshes},
  author={Visbal, Miguel R and Gaitonde, Datta V},
  journal={Journal of Computational Physics},
  volume={181},
  number={1},
  pages={155--185},
  year={2002},
  publisher={Elsevier}
}

@article{Williamson1992,
  title={A standard test set for numerical approximations to the shallow water equations in spherical geometry},
  author={Williamson, David L and Drake, John B and Hack, James J and Jakob, R{\"u}diger and Swarztrauber, Paul N},
  journal={Journal of Computational Physics},
  volume={102},
  number={1},
  pages={211--224},
  year={1992},
  publisher={Elsevier}
}

