
@phdthesis{Abbas2011,
author = {Abbas, A.},
title = {{Schémas boîte hermitiens - Algorithmes rapides pour la discrétisation des équations aux dérivées partielles}},
year = {2011},
school = {Université Paul Verlaine - Metz}
}

@book{Ahlberg2016,
  title={{The Theory of Splines and Their Applications: Mathematics in Science and Engineering: A Series of Monographs and Textbooks}},
  author={Ahlberg, J. H. and Nilson, E. N. and Walsh, J. L.},
  volume={38},
  year={2016},
  publisher={Elsevier}
}

@article{Ahrens2009,
  title={{Rotationally invariant quadratures for the sphere}},
  author={Ahrens, C. and Beylkin, G.},
  journal={Proceedings of the Royal Society of London A: Mathematical, Physical and Engineering Sciences},
  volume={465},
  number={2110},
  pages={3103--3125},
  year={2009},
  organization={The Royal Society}
}

@book{Ames2014,
  title={{Numerical methods for partial differential equations}},
  author={Ames, W. F.},
  year={1992},
  publisher={Academic press}
}

@article{Archibald2011,
  title={{Multiwavelet discontinuous Galerkin-accelerated exact linear part (ELP) method for the shallow-water equations on the cubed sphere}},
  author={Archibald, R. and Evans, K. J. and Drake, J. and White III, James B},
  journal={Monthly Weather Review},
  volume={139},
  number={2},
  pages={457--473},
  year={2011}
}

@book{Atkinson2012,
  title={{Spherical harmonics and approximations on the unit sphere: an introduction}},
  author={Atkinson, K. and Han, W.},
  volume={2044},
  year={2012},
  publisher={Springer Science \& Business Media}
}

@article{BenArtzi2005,
  title={{A pure-compact scheme for the streamfunction formulation of Navier--Stokes equations}},
  author={Ben-Artzi, M. and Croisille, J.-P. and Fishelov, D. and Trachtenberg, S.},
  journal={Journal of Computational Physics},
  volume={205},
  number={2},
  pages={640--664},
  year={2005},
  publisher={Elsevier}
}

@article{BenArtzi2009,
  title={{Hyperbolic conservation laws on the sphere. A geometry-compatible finite volume scheme}},
  author={Ben-Artzi, M. and Falcovitz, J. and LeFloch, P. G.},
  journal={Journal of Computational Physics},
  volume={228},
  number={16},
  pages={5650--5668},
  year={2009},
  publisher={Elsevier}
}


@book{BenArtzi2013,
  title={{Navier-Stokes equations in planar domains}},
  author={Ben-Artzi, M. and Croisille, J.-P. and Fishelov, D.},
  year={2013},
  publisher={World Scientific}
}

@article{Blayo2000,
  title={Compact finite difference schemes for ocean models: 1. ocean waves},
  author={Blayo, Eric},
  journal={Journal of Computational Physics},
  volume={164},
  number={2},
  pages={241--257},
  year={2000},
  publisher={Elsevier}
}


@book{Bouchut2004,
   title = {{Nonlinear stability of finite volume methods for hyperbolic conservation laws and well-balanced schemes for sources}},
   author = "Bouchut, F.",
   series = "Frontiers in mathematics",
   publisher = "Birkhäuser",
   address = "Basel, Boston, Berlin",
   url = "http://opac.inria.fr/record=b1134936",
   isbn = "3-7643-6665-6",
   year = 2004
}

@article{Bogey2004,
  title={{A family of low dispersive and low dissipative explicit schemes for flow and noise computations}},
  author={Bogey, C. and Bailly, C.},
  journal={Journal of Computational physics},
  volume={194},
  number={1},
  pages={194--214},
  year={2004},
  publisher={Elsevier}
}


@article{Brachet2016,
  title={{Stabilized times schemes for high accurate finite differences solutions of nonlinear parabolic equations}},
  author={Brachet, M. and Chehab, J.-P.},
  journal={Journal of Scientific Computing},
  volume={69},
  number={3},
  pages={946--982},
  year={2016},
  publisher={Springer}
}

@incollection{Burgers1948,
  title={{A mathematical model illustrating the theory of turbulence}},
  author={Burgers, J. M.},
  booktitle={Advances in applied mechanics},
  volume={1},
  pages={171--199},
  year={1948},
  publisher={Elsevier}
}

@book{Butcher2016,
  title={{Numerical methods for ordinary differential equations}},
  author={Butcher, J. C.},
  year={2016},
  publisher={John Wiley \& Sons}
}

@article{Chen2008,
  title={{Shallow water model on cubed-sphere by multi-moment finite volume method}},
  author={Chen, C. and Xiao, F.},
  journal={Journal of Computational Physics},
  volume={227},
  number={10},
  pages={5019--5044},
  year={2008},
  publisher={Elsevier}
}

@article{Chu1998,
  title={{A three-point combined compact difference scheme}},
  author={Chu, P. C. and Fan, C.},
  journal={Journal of Computational Physics},
  volume={140},
  number={2},
  pages={370--399},
  year={1998},
  publisher={Elsevier}
}

@book{Collatz2012,
  title={{The numerical treatment of differential equations}},
  author={Collatz, L.},
  volume={60},
  year={2012},
  publisher={Springer Science \& Business Media}
}

@book{Conte2017,
  title={{Elementary numerical analysis: an algorithmic approach}},
  author={Conte, S. D. and De Boor, C.},
  volume={78},
  year={2017},
  publisher={SIAM}
}

@book{Comtet2012,
  title={{Advanced Combinatorics: The art of finite and infinite expansions}},
  author={Comtet, L.},
  year={2012},
  publisher={Springer Science \& Business Media}
}

@book{Conway2012,
  title={{The book of numbers}},
  author={Conway, J. H. and Guy, R.},
  year={2012},
  publisher={Springer Science \& Business Media}
}

@article{Cook2005,
  title={{Hyperviscosity for shock-turbulence interactions}},
  author={Cook, A. W. and Cabot, W. H.},
  journal={Journal of Computational Physics},
  volume={203},
  number={2},
  pages={379--385},
  year={2005},
  publisher={Elsevier}
}


@article{Courant1928,
  title={{On The Partial Difference Equation of mathematical physics.}},
  author={Courant, R. and Friedrichs, K. and Lewy, H.},
  journal={Mathematische Annalen},
  volume={100},
  year={1928}
}


@article{Croisille2013,
  title={{Hermitian compact interpolation on the cubed-sphere grid}},
  author={Croisille, Jean-Pierre},
  journal={Journal of Scientific Computing},
  volume={57},
  number={1},
  pages={193--212},
  year={2013},
  publisher={Springer}
}

@article{Croisille2015,
  title={{Hermitian approximation of the spherical divergence on the Cubed-Sphere}},
  author={Croisille, J.-P.},
  journal={Journal of Computational and Applied Mathematics},
  volume={280},
  pages={188--201},
  year={2015},
  publisher={Elsevier}
}

@book{Cushman2011,
  title={Introduction to geophysical fluid dynamics: physical and numerical aspects},
  author={Cushman-Roisin, Benoit and Beckers, Jean-Marie},
  volume={101},
  year={2011},
  publisher={Academic Press}
}



@book{Demailly2016,
  title={{Analyse num{\'e}rique et {\'e}quations diff{\'e}rentielles-4{\`e}me Ed}},
  author={Demailly, J.-P.},
  year={2016},
  publisher={EDP sciences}
}

@phdthesis{Desquesnes2007,
author = {Desquesnes, G.},
title = {{Couplage par recouvrement de maillages curviligne/cartésien pour la simulation en aéroacoustique}},
year = {2007},
school = {Université Paris VI Pierre et Marie Curie}
}

@phdthesis{Dubois2016,
  title={{Approximation volumes finis d’ordre {\'e}lev{\'e}-Flux dissipatifs en maillage quelconque et applications {\`a} la LES en a{\'e}rothermique cavit{\'e} nacelle {\`a} l’arr{\^e}t moteur}},
  author={Dubois, Q.},
  year={2016},
  school={Université de Lorraine}
}

@article{Evans1976,
  title={{Generalized Vandermonde determinants and roots of unity of prime order}},
  author={Evans, R.J. and Isaacs, I.M.},
  journal={Proceedings of the American Mathematical Society},
  volume={58},
  number={1},
  pages={51--54},
  year={1976}
}

@article{Jiang2001,
  title={{Weighted compact scheme for shock capturing}},
  author={Jiang, L. and Shan, H. and Liu, C.},
  journal={International Journal of Computational Fluid Dynamics},
  volume={15},
  number={2},
  pages={147--155},
  year={2001},
  publisher={Taylor \& Francis}
}

@phdthesis{Eldred2015,
  title={Linear and nonlinear properties of numerical methods for the rotating shallow water equations},
  author={Eldred, Chris},
  year={2015},
  school={Colorado State University}
}

@article{Flyer2011,
  title={Radial basis functions: Developments and applications to planetary scale flows},
  author={Flyer, Natasha and Fornberg, Bengt},
  journal={Computers \& Fluids},
  volume={46},
  number={1},
  pages={23--32},
  year={2011},
  publisher={Elsevier}
}

@article{Fornberg2014,
  title={{On spherical harmonics based numerical quadrature over the surface of a sphere}},
  author={Fornberg, B. and Martel, J. M.},
  journal={Advances in Computational Mathematics},
  volume={40},
  number={5-6},
  pages={1169--1184},
  year={2014},
  publisher={Springer}
}

@article{Fox1991,
  title={Computational dispersion properties of horizontal staggered grids for atmospheric and ocean models},
  author={Fox-Rabinovitz, Michael S},
  journal={Monthly weather review},
  volume={119},
  number={7},
  pages={1624--1639},
  year={1991}
}


@article{Frye2012,
  title={{Spherical Harmonics in p Dimensions}},
  author={Frye, C. and Efthimiou, C. J.},
  journal={arXiv preprint arXiv:1205.3548},
  year={2012}
}

@article{Galewsky2004,
  title={{An initial-value problem for testing numerical models of the global shallow-water equations}},
  author={Galewsky, J. and Scott, R. K. and Polvani, L. M.},
  journal={Tellus A},
  volume={56},
  number={5},
  pages={429--440},
  year={2004},
  publisher={Wiley Online Library}
}

@article{Ghader2015,
  title={High-order compact finite difference schemes for the vorticity--divergence representation of the spherical shallow water equations},
  author={Ghader, Sarmad and Nordstr{\"o}m, Jan},
  journal={International Journal for Numerical Methods in Fluids},
  volume={78},
  number={12},
  pages={709--738},
  year={2015},
  publisher={Wiley Online Library}
}


@article{Golshahy2011,
  title={Accuracy assessment of the super compact and combined compact schemes for spatial differencing of a two-layer oceanic model: Presentation of linear inertia-gravity and Rossby waves},
  author={Golshahy, H and Ghader, S and Ahmadi-Givi, F},
  journal={Ocean Modelling},
  volume={37},
  number={1-2},
  pages={49--63},
  year={2011},
  publisher={Elsevier}
}


@book{Hairer2006,
  title={The numerical solution of differential-algebraic systems by Runge-Kutta methods},
  author={Hairer, Ernst and Lubich, Christian and Roche, Michel},
  volume={1409},
  year={2006},
  publisher={Springer}
}

@Book{Hammerlin1991,
  author =       "G. H{\"a}mmerlin and K-H. Hoffmann",
  title =        "{N}umerical {M}athematics",
  publisher =    "Springer-Verlag",
  year =         "1991",
}

@book{Hardy2000,
  title={{Divergent series}},
  author={Hardy, G. H.},
  volume={334},
  year={2000},
  publisher={American Mathematical Soc.}
}

@article{Haurwitz1940,
  title={{The motion of atmospheric disturbances on the spherical earth}},
  author={B. Haurwitz},
  journal={J. of Marine Res.},
  volume={3},
  pages={254--267},
  year={1940},
}

@incollection{Hesse2010,
  title={{Numerical integration on the sphere}},
  author={Hesse, K. and Sloan, I. H. and Womersley, R. S.},
  booktitle={Handbook of Geomathematics},
  pages={1185--1219},
  year={2010},
  publisher={Springer}
}


@book{Hirsch2007,
  title={{Numerical computation of internal and external flows: The fundamentals of computational fluid dynamics}},
  author={Hirsch, C.},
  year={2007},
  publisher={Butterworth-Heinemann}
}

@book{Hundsdorfer2013,
  title={{Numerical solution of time-dependent advection-diffusion-reaction equations}},
  author={Hundsdorfer, W. and Verwer, J. G.},
  volume={33},
  year={2013},
  publisher={Springer Science \& Business Media}
}

@article{Kageyama2004,
  title={{“Yin-Yang grid”: An overset grid in spherical geometry}},
  author={Kageyama, A. and Sato, T.},
  journal={Geochemistry, Geophysics, Geosystems},
  volume={5},
  number={9},
  year={2004},
  publisher={Wiley Online Library}
}

@article{Katta2015,
  title={{High-order finite volume shallow water model on the cubed-sphere: 1D reconstruction scheme}},
  author={Katta, K. K. and Nair, R. D. and Kumar, V.},
  journal={Applied Mathematics and Computation},
  volume={266},
  pages={316--327},
  year={2015},
  publisher={Elsevier}
}

@incollection{Keller1971,
  title={{A new difference scheme for parabolic problems}},
  author={Keller, H. B.},
  booktitle={Numerical Solution of Partial Differential Equations--II},
  pages={327--350},
  year={1971},
  publisher={Elsevier}
}

@article{Kim1996,
  title={{Optimized compact finite difference schemes with maximum resolution}},
  author={Kim, J. W. and Lee, D. J.},
  journal={AIAA journal},
  volume={34},
  number={5},
  pages={887--893},
  year={1996}
}

@article{Kim2007,
  title={{Optimised boundary compact finite difference schemes for computational aeroacoustics}},
  author={Kim, J. W.},
  journal={Journal of Computational Physics},
  volume={225},
  number={1},
  pages={995--1019},
  year={2007},
  publisher={Elsevier}
}

@article{Kopal1955,
  title={{Numerical Analysis}},
  author={Kopal, Z.},
  journal={Chapman and Hull Ltd., London},
  year={1955}
}

@article{Kuang2016,
  title={{Runge-Kutta discontinuous local evolution Galerkin methods for the shallow water equations on the cubed-sphere}},
  author={Kuang, Y. and Wu, K. and Tang, H.},
  journal={arXiv preprint arXiv:1608.06700},
  year={2016}
}

@article{Lagrange1939,
  title={{P}olynomes et fonctions de {L}egendre},
  author={Lagrange, R.},
  year={1939},
  journal={Gauthier-Villars}
}

@article{Lauritzen2010,
  title={{A} conservative {S}emi-{L}agrangian multi-tracer transport scheme (CSLAM) on the cubed-sphere grid},
  author={Lauritzen, Peter H and Nair, Ramachandran D and Ullrich, Paul A},
  journal={{J}ournal of {C}omputational {P}hysics},
  volume={229},
  number={5},
  pages={1401--1424},
  year={2010},
  publisher={Elsevier}
}


@article{Lax1956,
  title={{Survey of the stability of linear finite difference equations}},
  author={Lax, P. D. and Richtmyer, R. D.},
  journal={Communications on pure and applied mathematics},
  volume={9},
  number={2},
  pages={267--293},
  year={1956},
  publisher={Wiley Online Library}
}

@article{Lele1991,
author = {Lele, S. K.},
journal = {{Journal of Computational Physics}},
volume = {103},
page = {16-42},
title = {{Compact Finite Difference Schemes with Spectral-like Resolution}},
year = {1991}
}

@article{LeRoux2007,
  title={Analysis of numerically induced oscillations in 2d finite-element shallow-water models part I: inertia-gravity waves},
  author={Le Roux, Daniel Y and Rostand, Virgile and Pouliot, Benoit},
  journal={SIAM Journal on Scientific Computing},
  volume={29},
  number={1},
  pages={331--360},
  year={2007},
  publisher={SIAM}
}


@article{Li2008,
  title={{A multimoment finite-volume shallow-water model on the Yin--Yang overset spherical grid}},
  author={Li, X. and Chen, D. and Peng, X. and Takahashi, K. and Xiao, F.},
  journal={Monthly Weather Review},
  volume={136},
  number={8},
  pages={3066--3086},
  year={2008}
}

@article{Mclaren1963,
  title={{Optimal numerical integration on a sphere}},
  author={McLaren, A. D.},
  journal={Mathematics of Computation},
  volume={17},
  number={84},
  pages={361--383},
  year={1963}
}

@article{Monegato1998,
  title={{The Euler-MacLaurin expansion and finite-part integrals}},
  author={Monegato, G. and Lyness, J. N.},
  journal={Numerische Mathematik},
  volume={81},
  number={2},
  pages={273--291},
  year={1998},
  publisher={Springer}
}


@article{Nair2002,
  title={{The mass-conservative cell-integrated semi-Lagrangian advection scheme on the sphere}},
  author={Nair, R. D. and Machenhauer, B.},
  journal={Monthly Weather Review},
  volume={130},
  number={3},
  pages={649--667},
  year={2002}
}

@article{Nair2005,
  title={{A discontinuous Galerkin global shallow water model}},
  author={Nair, R. D. and Thomas, S. J. and Loft, R. D.},
  journal={Monthly weather review},
  volume={133},
  number={4},
  pages={876--888},
  year={2005}
}

@article{Nair2008,
  title={{Moving vortices on the sphere: A test case for horizontal advection problems}},
  author={Nair, R. D. and Jablonowski, C.},
  journal={Monthly Weather Review},
  volume={136},
  number={2},
  pages={699--711},
  year={2008}
}


@article{Nair2010,
author = {Nair, R. D. and Lauritzen, P. H.},
title = {{A class of deformational flow test cases for linear transport problems on the sphere}},
journal = {Journal of Computational Physics},
volume = {229},
page = {8868-8887},
year = 2010
}

@article{Nihei2003,
  title={{A fast solver of the shallow water equations on a sphere using a combined compact difference scheme}},
  author={Nihei, T. and Ishii, K.},
  journal={Journal of Computational Physics},
  volume={187},
  number={2},
  pages={639--659},
  year={2003},
  publisher={Elsevier}
}

@book{Paldor2015,
  title={Shallow water waves on the rotating Earth},
  author={Paldor, Nathan},
  year={2015},
  publisher={Springer}
}


@book{Pedlosky2013,
  title={{Geophysical fluid dynamics}},
  author={Pedlosky, J.},
  year={2013},
  publisher={Springer Science \& Business Media}
}


@article{Portelenelle2018,
  title={{An efficient quadrature rule on the Cubed Sphere}},
  author={Portelenelle, B. and Croisille, J.-P.},
  journal={Journal of Computational and Applied Mathematics},
  volume={328},
  pages={59--74},
  year={2018},
  publisher={Elsevier}
}

@book{Powell1981,
  title={{Approximation theory and methods}},
  author={Powell, M. J. D.},
  year={1981},
  publisher={Cambridge university press}
}


@article{Qaddouri2012,
  title={{Experiments with different discretizations for the shallow-water equations on a sphere}},
  author={Qaddouri, A and Pudykiewicz, J. and Tanguay, M. and Girard, C. and C{\^o}t{\'e}, J.},
  journal={Quarterly Journal of the Royal Meteorological Society},
  volume={138},
  number={665},
  pages={989--1003},
  year={2012},
  publisher={Wiley Online Library}
}

@article{Qiu2002,
  title={{On the construction, comparison, and local characteristic decomposition for high-order central WENO schemes}},
  author={Qiu, J. and Shu, C.-W.},
  journal={Journal of Computational Physics},
  volume={183},
  number={1},
  pages={187--209},
  year={2002},
  publisher={Elsevier}
}


@book{Quarteroni2010,
  title={{Numerical mathematics}},
  author={Quarteroni, A. and Sacco, R. and Saleri, F.},
  volume={37},
  year={2010},
  publisher={Springer Science \& Business Media}
}


@phdthesis{Redonnet2001,
  title={{Simulation de la propagation acoustique en pr{\'e}sence d'{\'e}coulements quelconques et de structures solides par r{\'e}solution num{\'e}rique des {\'e}quations d'Euler}},
  author={Redonnet, S.},
  year={2001},
  school={Bordeaux 1}
}

@article{Ronchi1996,
  title={{The “cubed sphere”: a new method for the solution of partial differential equations in spherical geometry}},
  author={Ronchi, C. and Iacono, R. and Paolucci, P. S.},
  journal={Journal of Computational Physics},
  volume={124},
  number={1},
  pages={93--114},
  year={1996},
  publisher={Elsevier}
}


@article{Sadourny1972,
	author = {Sadourny, R.},
	title = {{Conservative finite-difference approximations of the Primitive equations on Quasi-Uniform spherical grid}},
	journal = {Monthly Weather Review},
	volume = {100 (2)},
	page = {136-144},
	year = 1972
}

@Book{Simmonds1994,
  author =       "J. G. Simmonds",
  title =        "A {B}rief on {T}ensor {A}nalysis",
  edition =      "2cd",
  publisher =    "Springer",
  series=        "Undergraduate Texts in Math.",
  year =         "1994",
}

@article{Sloan2004,
  title={{Extremal systems of points and numerical integration on the sphere}},
  author={Sloan, I. H. and Womersley, R. S.},
  journal={Advances in Computational Mathematics},
  volume={21},
  number={1-2},
  pages={107--125},
  year={2004},
  publisher={Springer}
}


@book{Strikwerda2004,
  title={{Finite difference schemes and partial differential equations}},
  author={Strikwerda, J. C.},
  volume={88},
  year={2004},
  publisher={Siam}
}

@article{Tam1993,
  title={{Dispersion-relation-preserving finite difference schemes for computational acoustics}},
  author={Tam, C. K. W. and Webb, J. C.},
  journal={Journal of computational physics},
  volume={107},
  number={2},
  pages={262--281},
  year={1993},
  publisher={Elsevier}
}

@article{Thuburn2000,
  title={{Numerical simulations of Rossby--Haurwitz waves}},
  author={Thuburn, J. and Li, Y.},
  journal={Tellus A: Dynamic Meteorology and Oceanography},
  volume={52},
  number={2},
  pages={181--189},
  year={2000},
  publisher={Taylor \& Francis}
}

@article{Stuhne1999,
  title={{New icosahedral grid-point discretizations of the shallow water equations on the sphere}},
  author={Stuhne, G. R. and Peltier, W. R.},
  journal={Journal of Computational Physics},
  volume={148},
  number={1},
  pages={23--58},
  year={1999},
  publisher={Elsevier}
}


@article{Ullrich2010,
  title={{High-order finite-volume methods for the shallow-water equations on the sphere}},
  author={Ullrich, P. A. and Jablonowski, C. and Van Leer, B.},
  journal={Journal of Computational Physics},
  volume={229},
  number={17},
  pages={6104--6134},
  year={2010},
  publisher={Elsevier}
}

@book{Ullrich2011,
  title={{Atmospheric modeling with high-order finite-volume methods}},
  author={Ullrich, P. A.},
  year={2011},
  publisher={University of Michigan}
}

@book{Vallis2017,
  title={Atmospheric and oceanic fluid dynamics},
  author={Vallis, Geoffrey K},
  year={2017},
  publisher={Cambridge University Press}
}


@book{VanLoan1992,
  title={{Computational frameworks for the fast Fourier transform}},
  author={Van Loan, C.},
  volume={10},
  year={1992},
  publisher={Siam}
}

@article{Visbal2002,
  title={{On the use of higher-order finite-difference schemes on curvilinear and deforming meshes}},
  author={Visbal, M. R. and Gaitonde, D. V.},
  journal={Journal of Computational Physics},
  volume={181},
  number={1},
  pages={155--185},
  year={2002},
  publisher={Elsevier}
}

@article{Williamson1992,
  title={{A standard test set for numerical approximations to the shallow water equations in spherical geometry}},
  author={Williamson, D. L. and Drake, J. B. and Hack, J. J. and Jakob, R. and Swarztrauber, P. N.},
  journal={Journal of Computational Physics},
  volume={102},
  number={1},
  pages={211--224},
  year={1992},
  publisher={Elsevier}
}

@misc{Witham1974,
  title={Linear and nonlinear waves},
  year={1974},
  author={Witham, G. B.},
  publisher={Wiley, New York}
}

@article{Yee1989,
  title={{A} class of high resolution explicit and implicit shock-capturing methods},
  author={Yee, H. C.},
  year={1989},
  journal={NASA Technical Memorandum}
}


