@Article{Abarbanel,
  author =	 "S. Abarbanel and A. Kumar",
  title =	 "Compact high-order schemes for the {E}uler
                  equations",
  journal =	 "J. Sci. Comput.",
  volume =	 "3",
  year =	 "1988",
  pages =	 "275--288",
}
@Article{Abarbanel-Ditkowski,
  author =	 "S. Abarbanel and A. Ditkowski",
  title =	 "Asymptotically Stable Fourth-Order Accurate Schemes for the
Diffusion Equation on Complex Shapes",
  journal =	 "J. Comp. Phys.",
  volume =	 "133",
  year =	 "1997",
  pages =	 "279--288",
}
@Article{Abarbanel-Ditkowski-Gustafsson,
  author =	 "S. Abarbanel and A. Ditkowski and B. Gustafsson",
  title =	 "On error bound of finite difference approximations
                  for partial differential equations",
  journal =	 "J. Sci. Comput.",
  volume =	 "15",
  year =	 "2000",
  pages =	 "79--116",
}
@Phdthesis{Abbas,
  author =       "A. Abbas",
  title =        "Sch\'emas compacts hermitiens: algorithmes rapides pour
la discr\'etisation des \'equations aux d\'eriv\'ees partielles",
  school =      "Univ. Paul Verlaine - Metz",
  year =         "Nov. 2011",
}
@Article{Abbas-Croisille,
  author =       "A. Abbas and J-P. Croisille",
  title =        "A fourth order {H}ermitian {B}ox-{S}cheme 
with fast solver for the {P}oisson problem in a square",
  journal =       "J. Sci. Comput.",
  volume =       "49",
  year =         "2011",
  pages =        "239--267",
}

@Article{Abgrall-1,
  author =	 " R. Abgrall",
  title =	 "On {E}ssentially {N}on-{O}scillatory Schemes on
                  Unstructured Meshes: Analysis and Implementation",
  journal =	 "J. Comput. Phys.",
  volume =	 "114",
  year =	 "1994",
  pages =	 "45--58",
}
@Article{Abgrall-Sonar,
  author =	 " R. Abgrall and T. Sonar",
  title =	 " On the use of {M}{\"{u}}hlbach expansions in the recovery step of {ENO} methods",
  journal =	 "Numerische Mathematik",
  volume =	 "76",
  year =	 "1997",
  pages =	 "1--25",
}

@Article{Abouhamza-Pierre,
  author =       "A. Abouhamza and R. Pierre",
  title =        "A neutral stability curve for incompressible flows in rectangular driven cavity",
  journal =      "Math. Comput. Modelling",
  volume =       "38",
  year =         "2003",
  pages =        "141--157",
}

@Article{Abushama-Bialecki,
  author =       "A.A. Abushama and B. Bialecki",
  title =        "Modified nodal cubic spline collocation for
                  biharmonic equation",
  journal =      "Numer. Algo.",
  volume =       "43",
  year =         "2006",
  pages =        "331--353",
}

@Article{Ackerer,
  author =	 " E.B. Diaw and F. Lehmann and P. Ackerer",
  title =	 "One-dimensional simulation of solute transfer in
                  saturated/unsaturated porous media using the
                  discontinuous finite element method",
  journal =	 "J. of contaminant Hydrology",
  volume =	 "51",
  year =	 "1",
  pages =	 "197-213",
}

@Article{Adcroft-Campin-Hill-Marshall,
  author =	 "A. Adcroft and J.-M. Campin and C. Hill and J. Marshall",
  title =	 "Implementation of an atmosphere-ocean general circulation model on the expanded spherical cube",
  journal =	 "Mon. Wea. Rev.",
  volume =	 "132",
  year =	 "2004",
  pages =	 "2845--2863",
}

@Article{Agarwal1,
  author =	 "R.K. Agarwal and D.W. Halt",
  title =	 "A compact high-order unstructured grids method for
                  the solution of Euler equations",
  journal =	 "Int. J. Numer. Meth. Fluids",
  volume =	 "32",
  year =	 "1999",
  pages =	 "121--147",
}

@Book{Ahlberg-Nilson-Walsh,
  author =       "J.H. Ahlberg and E.N. Nilson and J.L.Walsh",
  title =        "The {T}heory of {S}plines and {T}heir {A}pplication",
  edition =      "",
  publisher =    "Academic Press",
  year =         "1967",
}

@Article{Ahrens-Beylkin,
  title={Rotationally invariant quadratures for the sphere},
  author={C. Ahrens and G. Beylkin},
  journal={Proceedings of the Royal Society of London A},
  volume={465},
  number={2110},
  pages={3103--3125},
  year={2009},
}

@Article{Ainsworth,
  author =       "M. Ainsworth",
  title =        "Dispersive and dissipative behaviour of high order discontinuous {G}alerkin Finite
                  Element methods",
  journal =      "J. Comput. Phys.",
  volume =       "to appear",
  year =         "",
  pages =        "",
}


@Article{Albensoeder-Kuhlman,
  author =	 " S. Albensoeder and H.C. Kuhlman",
  title =	 "Accurate three-dimensional lid-driven cavity flow",
  journal =	 "J. Comput. Phys.",
  volume =	 "206",
  year =	 "2005",
  pages =	 "536--558",
}

@Article{Alpert,
  author =	 " P. Alpert",
  title =	 "Implicit filtering in conjunction with explicit filtering",
  journal =	 "J. Comput. Phys.",
  volume =	 "44",
  year =	 "1981",
  pages =	 "212--219",
}
%  publisher={JSTOR}

@Article{Altas,
  author =       "I. Altas and J. Dym and M. M. Gupta and R. P Manohar",
  title =        "Multigrid solution of automatically generated high-order
                  discretizations for the biharmonic equation",
  journal =      "SIAM J. Sci. Comput.",
  volume =       "19",
  year =         "1998",
  pages =        "1575--1585",
}

@Article{Amodio-Cash-Roussos-Wright-Fairweather-Gladwell-Kraut-Paprzycki,
  author =       "P. Amodio and J.R. Cash and G. Roussos and R.W. Wright 
and G. Fairweather and I. Gladwell and G.L. Kraut and M. Paprzycki",
  title =        "Almost block diagonal linear systems: sequential and parallel solution techniques, and applications",
  journal =      "Numer. Linear Algebra with Applications",
  volume =       "7",
  year =         "2000",
  pages =        "275--317",
}

@Article{Amorim-Benartzi-LeFloch,
  author =       "P. Amorim and M. Ben-Artzi and P.G.  LeFloch",
  title =        "Hyperbolic conservation laws on manifolds. Total variation estimates and the finite volume method",
  journal =      "Meth. Appl. Anal.",
  volume =       "12",
  year =         "2005",
  pages =        "291--324",
}

@Article{Anderson,
  author =       "C. R. Anderson",
  title =        "Vorticity boundary conditions and boundary vorticity
                 generation for two-dimensional viscous incompressible
                 flows",
  journal =      "J. Comput. Phys.",
  volume =       "80",
  year =         "1989",
  pages =        "72--97",
}

@Article{Arad-Yakhot-BenDor,
  author =       "M. Arad and A. Yakhot and G. Ben-Dor",
  title =        "A {H}ighly {A}ccurate {N}umerical {S}olution of
                  a {B}iharmonic {E}quation",
  journal =      "Numerical Methods for Partial Differential Equations",
  volume =       "13",
  year =         "1997",
  pages =        "375--393",
}

@Article{Arakawa,
  author =	 " A. Arakawa",
  title =	 "Computational Design for Long-Term Numerical
Integration of the equations of fluid motion:
Two-dimensional incompressible flow. Part I",
  journal =	 "J. Comput. Phys.",
  volume =	 "1",
  year =	 "1966",
  pages =	 "119--143",
}

@Article{Arbogast-Chen,
  author =	 "T. Arbogast and Z. Chen",
  title =	 "On the implementation of mixed methods as
                  nonconforming methods for second order elliptic
                  problems",
  journal =	 "Math. Comput.",
  volume =	 "64(211)",
  year =	 "1995",
  pages =	 "943--972",
}

@Article{Arbogast-Chen,
  author =       "T. Arbogast and Z. Chen",
  title =        "On the implementation of mixed methods as nonconforming methods for second order elliptic problems",
  journal =      "Math. for Comput.",
  volume =       "64 (211)",
  year =         "1995",
  pages =        "943--972",
}
@Article{Armbruster-Nicolaenko-Smaoui-Chossat,
  author =       "D. Armbruster and B. Nikolaenko and N. Smaoui and P. Chossat",
  title =        " Symmetries and dynamics for {2-D} {N}avier--{S}tokes flow",
  journal =      "Physica D",
  volume =       " 95",
  year =         "1996",
  pages =        "81-93",
}

@Article{Arnold,
  author =	 "D. Arnold",
  title =	 "",
  journal =	 "",
  volume =	 "",
  year =	 "",
  pages =	 "",
}

@article {Arnold-Boffi-Falk,
    AUTHOR = {Arnold, D. N. and Boffi, D. and Falk, R. S.},
     TITLE = {Approximation by quadrilateral finite elements},
   JOURNAL = {Math. Comp.},
  FJOURNAL = {Mathematics of Computation},
    VOLUME = {71},
      YEAR = {2002},
    NUMBER = {239},
     PAGES = {909--922 (electronic)},
      ISSN = {0025-5718},
     CODEN = {MCMPAF},
   MRCLASS = {65N30},
  MRNUMBER = {MR1898739 (2003c:65112)},
}

@Article{Arnold-Brezzi,
  author =       " D.N. Arnold and F. Brezzi",
  title =        "Mixed and non-conforming finite elements methods: implementation,postprocessing and error estimates",
  journal =      "Math. Model. and Numer. Anal.",
  volume =       "19",
  year =         "1985",
  pages =        "7--32",
}

@Article{ Arnold-Brezzi-2,
  author =       "D.N. Arnold and F. Brezzi",
  title =        "Mixed and non-conforming finite elements methods: implementation,postprocessing and error estimates",
  journal =      "Math. Model. and Numer. Anal.",
  volume =       "19",
  year =         "1985",
  pages =        "7--32"
}
@Article{Ascher-Ruuth-Spiteri,
  author =       "U.M. Ascher and S.J. Ruuth and R.J. Spiteri",
  title =        "Implicit-explicit {R}unge--{K}utta methods for time-dependent partial differential equations",
  journal =      "Appl. Numer. Math.",
  volume =       "25",
  year =         "1997",
  pages =        "151--167",
}

@Article{Ascher-Ruuth-Wetton,
  author =       "U.M. Ascher and S.J. Ruuth and T.R. Wetton",
  title =        "Implicit-Explicit methods for time-dependent partial differential equations",
  journal =      "SIAM J. Numer. Anal.",
  volume =       "32",
  year =         "1995",
  pages =        "797--823",
}
@Techreport{Atkins,
  author =       "H.L. Atkins and C.W. Shu",
  title =        "Quadrature-free implementation discontinuous {G}alerkin method
for hyperbolic equations",
  institution =      "NASA-ICASE",
  year =         "1996",
  number =        "96--51",
}
@Book{Atkinson-Han,
  author =       "K. Atkinson and W. Han",
  title =        "Spherical Harmonics and Approximations on the Unit Sphere: an introduction",
  edition =      "",
  publisher =    "Springer-Verlag",
  year =         "2012",
}
@Article{Auteri-Parolini-Quartapelle,
  author =	 " F. Auteri and N. Parolini and L. Quartapelle",
  title =	 "Numerical investigation on the stability
of the singular driven cavity flow",
  journal =	 "J. Comput. Phys.",
  volume =	 "202",
  year =	 "2005",
  pages =	 "488--506",
}
@phdthesis{Auzillon,
  title={Mod{\'e}lisation de la structure et de la dynamique des flammes pour la simulation aux grandes {\'e}chelles.},
  author={P. Auzillon},
  year={2011},
  school={Ecole Centrale Paris}
}
@Article{Babuska,
  author =       "I. Babu\v{s}ka",
  title =        "Error-Bounds for Finite Elements Method",
  journal =      "Numer. Math",
  volume =       "16",
  year =         "1973",
  pages =        "322--333",
}
@Article{Balaguer-Conde,
  author =       "A. Balaguer and C. Conde",
  title =        "Fourth-order non oscillatory upwind and central
schemes for hyperbolic conservation laws",
  journal =      "SIAM J. Numer. Anal.",
  volume =       "43",
  number =       "2",
  year =         "2005",
  pages =        "455-473",
}

@Article{Balaguer-Conde-Lopez-Martinez,
  author =       "A. Balaguer and C. Conde and J.A. L\`opez and V. Mart\i\'nez",
  title =        "A Finite Volume Method with a Modified ENO Scheme using a Hermite Interpolation to solve Advection-Diffusion Equations",
  journal =      "Int. J. Numer. Meth. Eng.",
  volume =       "50",
  year =         "2001",
  pages =        "2339-2371",
}
@incollection{Ballaras,
  author =	 "E. Ballaras",
  title =	 "Applications of large eddy and direct simulation to biological flows",
  booktitle=     "Large eddy simulation and related techniques",
  publisher =	 "Von Karman Institute",
  year      =    "2010",
  series =       "VKI Lectures Series 2010-04",
  editor =       "U. Piomelli and C. Benocci and J. P. A. J. van Beeck",
  type =	  "VKI Course Notes",
}

@Article{Balsara-Shu,
  author =	 "D.S. Balsara and C.W. Shu",
  title =	 " Monotonicity preserving weighted essentially
non-oscillatory schemes with increasingly high order of accuracy",
  journal =	 "J. Comput. Phys.",
  volume =	 "160",
  year =	 "2000",
  pages =	 "405--452",
}

@Article{Bank-Rose,
  author =       " R.E. Bank and D.J. Rose",
  title =        "Some error estimates for the box method",
  journal =      "SIAM J. Numer. Anal.",
  volume =       "24",
  year =         "1987",
  pages =        "777--787",
}
@Article{Bao-Nair-Tufo,
  author =	 "L. Bao and R. D. Nair and H. M. Tufo",
  title =	 "A mass and momentum flux-form high-order discontinuous Galerkin Shallow water model on the cubed-sphere",
  journal =	 "J. Comput. Phys.",
  volume =	 "to appear",
  year =	 "2014",
  pages =	 "",
}
@Article{ Baranger-Maitre-Oudin,
  author =       "J. Baranger and J.F. Ma\^{\i}tre and F. Oudin",
  title =        "Connection between finite volume and mixed finite element methods",
  journal =      "Math. Model. and Numer. Anal.",
  volume =       "30",
  year =         "1996",
  pages =        "445--465"
}
@inproceedings{Barth-Frederickson,
  author = "T.J. Barth and P.P. Frederickson",
  title =  "Higher order
solution of the Euler equation on unstructured grids using quadratic reconstruction",
  organization = "AIAA",
  year = "1990",
  series ="AIAA",
  number="90-0013",
  pages="1--12"
}
@Book{Barth1,
  author =       "T. Barth and M. Ohlberger",
  title =        "Finite Volume Methods:
Foundation and Analysis",
  chapter =      "In: Encyclopedia of Computational Mechanics",
  section =      "Edited by Erwin Stein, Ren? de Borst and Thomas J.R. Hughes, John",
  publisher =    "John Wiley \& Sons",
  year =         "2004",
}
@Techreport{Barth2,
  author =       "T. Barth",
  title =        "Numerical Methods for Conservation Laws
on Structured and Unstructured Meshes",
  institution =   "VKI Lectures Series",
  year =         "2003",
  number =        "",
}
@inproceedings{Barth3,
  author = "T.J. Barth",
  title =  " Recent developments in high order
k-exact reconstruction on unstructured meshes",
  organization = "AIAA",
  series="",
  year = "1993",
  number="93-0668",
  pages="1--15"
}
@Article{Bassi-Rebay,
  author =       "F. Bassi and S. Rebay",
  title =        " A high order
accurate discontinuous finite element method for the numerical solution
of the compressible {N}avier--{S}tokes equations",
  journal =      "J. Comput. Phys.",
  volume =       " 131",
  year =         "",
  pages =        "267-279",
}
@unpublished{Beals-Layton,
  author =       "J.T. Beals and A. T. Layton",
  title =        "On the accuracy of finite difference methods
                  for elliptic problems with interfaces",
  journal =      "Applied Math. and Comp. Science",
  volume =       "1",
  year =         "2006",
  pages =        "",
}
@unpublished{Beentjes,
  title="Quadrature on a spherical surface",
  note= "Working note available on the website 
       {\sl http://people.maths.ox.ac.uk/beentjes/Essays/}",
  author={C. H. L. Beentjes},
  year= {2015}
}

@Article{Bell-Colella-Glaz,
  author =       "J. B. Bell and P. Colella and H. M. Glaz",
  title =        "A second-order projection method for the
                 incompressible {N}avier--{S}tokes equations",
  journal =      "J. Comput. Phys.",
  volume =       "85",
  year =         "1989",
  pages =        "257--283",
}

@Article{BenArtzi,
  author =       "M. Ben-Artzi",
  title =        "Global solutions of two-dimensional {N}avier--{S}tokes and
                 {E}uler equations",
  journal =      "Arch. Rat. Mech. Anal.",
  volume =       "128",
  year =         "1994",
  pages =        "329--358",
}

@Unpublished{BenArtzi-2,
  author =       "M. Ben-Artzi",
  title =        "Vorticity dynamics in planar domains",
  note =         "in preparation",
}

@incollection{BenArtzi-3,
author=" M. Ben-Artzi",
title=" Planar {N}avier--{S}tokes equations, vorticity approach",
booktitle="Handbook of Mathematical Fluid Dynamics",
chapter="5",
volume="II",
editor="S. J. Fridlander and  D. Serre",
publisher="Elsevier",
year= "2003",
pages="143--168"}

@Article{BenArtzi-Chorev-Croisille-Fishelov,
  author =       "M. Ben-Artzi and I. Chorev and J-P. Croisille
                  and D. Fishelov",
  title =        "A compact difference scheme for the biharmonic
                  equation in planar irregular domains",
  journal =      "SIAM J. Numer. Anal.",
  volume =       "47",
  year =         "2009",
  pages =        "3087--3108",
}

@Article{BenArtzi-Croisille-Fishelov,
  author =       "M. Ben-Artzi and J-P. Croisille and D. Fishelov",
  title =        "Convergence of a compact scheme for the pure streamfunction formulation of the unsteady {N}avier--{S}tokes system",
  journal =      "SIAM J. Numer. Anal.",
  volume =       "44",
  year =         "2006",
  pages =        "1997--2024",
}

@Article{BenArtzi-Croisille-Fishelov-2,
  author =	 "M. Ben-Artzi and J-P. Croisille and D. Fishelov",
  title =	 "A fast direct solver for the biharmonic problem in a
                  rectangular grid",
  journal =	 "SIAM J. Sci. Comput.",
  volume =	 "31",
  year =	 "2008",
  pages =	 "303--333",
}

@Article{BenArtzi-Croisille-Fishelov-3,
  author =	 "M. Ben-Artzi and J-P. Croisille and D. Fishelov",
  title =	 "A High Order Compact Scheme for the Pure-Streamfunction Formulation of the {N}avier--{S}tokes {E}quations",
  journal =	 " J. Sci. Comput.",
  volume =	 "42",
  year =	 "2009",
  pages =	 "216--250",
}

@book{BenArtzi-Croisille-Fishelov-4,
    AUTHOR = "M. Ben-Artzi and J-P. Croisille and D. Fishelov",
     TITLE = {{N}avier--{S}tokes equations in planar domains},
 PUBLISHER = {Imperial College Press},
   ADDRESS = {},
      YEAR = {2013},
    NUMBER = {},
     PAGES = {--},
}

@Article{BenArtzi-Croisille-Fishelov-5,
  author =	 "D. Fishelov and M. Ben-Artzi and J-P. Croisille",
  title =	 "Recent Developments in the Pure Streamfunction Formulation of the {N}avier--{S}tokes System",
  journal =	 " J. Sci. Comput.",
  volume =	 "45",
  year =	 "2010",
  pages =	 "238--258",
}

@inproceedings{BenArtzi-Croisille-Fishelov-6,
  author =	 "D. Fishelov and M. Ben-Artzi and J-P. Croisille",
  title =	 "Highly Accurate Discretization of the
                  {N}avier--{S}tokes Equations in Streamfunction Formulation",
  booktitle =    " Spectral and High Order Methods for Partial Differential Equations",
  journal =	 "Lecture Notes in Computational Science and Engineering, 76",
  series  =	 "9th ICOSAHOM",
  editor=        "J. S. Hesthaven and  E. M. Ronquist",
  year =	 "2011",
  publisher=     "Springer",
  pages =	 "189-197",
}
@Article{BenArtzi-Croisille-Fishelov-7,
  author =       "M. Ben-Artzi and J-P. Croisille and D. Fishelov",
  title =        "The discrete biharmonic equation - {O}ptimal
                  convergence in one dimension",
  journal =      "submitted",
  volume =       "",
  number =       "",
  year =         "2011",
  pages =        "",
}
@Article{BenArtzi-Croisille-Fishelov-Trachtenberg,
  author =       "M. Ben-Artzi and J-P. Croisille and D. Fishelov and S. Trachtenberg",
  title =        "A Pure-Compact Scheme for the Streamfunction Formulation of
{N}avier--{S}tokes equations",
  journal =      "J. Comput. Phys.",
  volume =       "205",
  year =         "2005",
  pages =        "640--664",
}

@book{BenArtzi-Falcovitz,
    AUTHOR = {M. Ben-Artzi, J. Falcovitz},
     TITLE = {Generalized Riemann problems in Computational Fluid Dynamics},
 PUBLISHER = {Cambridge Univ. Press.},
   ADDRESS = {},
      YEAR = {2003},
    NUMBER = {},
     PAGES = {--},
}

@Article{BenArtzi-Falcovitz-LeFloch,
  author =       "M. Ben-Artzi and J. Falcovitz and P.G.  LeFloch",
  title =        "Hyperbolic conservation laws on the sphere. {A} geometry compatible finite volume scheme",
  journal =      "J. Comput. Phys.",
  volume =       "228",
  year =         "2009",
  pages =        "5650--5668",
}

@Article{BenArtzi-Fishelov-Trachtenberg,
  author =       "M. Ben-Artzi and D. Fishelov and S. Trachtenberg",
  title =        "Vorticity dynamics and numerical resolution of
                  {N}avier--{S}tokes equations",
  journal =      "Math. Model. and Numer. Anal.",
  volume =       "35",
  year =         "2001",
  pages =        "313--330",
}

@Article{BenArtzi-Koch,
  author =	 "M. Ben-Artzi and H. Koch",
  title =	 "Decay of mass for a
                  semilinear parabolic equation",
  journal =	 "Comm. PDE",
  volume =	 "24",
  year =	 "1999",
  pages =	 "869--881",
}

@Article{BenArtzi-LeFloch,
  author =       "M. Ben-Artzi and P.G.  LeFloch",
  title =        "The well-posedness theory for geometry-compatible hyperbolic conservation laws on manifolds",
  journal =      "Ann. Inst H. Poincar\'e",
  volume =       "24",
  year =         "2007",
  pages =        "989--1008",
}

@Article{BenArtzi-Souplet-Weissler,
  author =	 "M. Ben-Artzi and P. Souplet and F. B. Weissler",
  title =	 "The local theory for viscous {H}amilton--{J}acobi equations in {L}ebesgue spaces",
  journal =	 "J. Math. Pures Appl.",
  volume =	 "81",
  year =	 "2002",
  pages =	 "343--378",
}

@Phdthesis{Berde,
  author =       "B. Berde",
  title =        "Etude d'une m\'ethode de volumes finis de type
{G}alerkine discontinu",
  school =      "Universit\'e Paris VI",
  year =         "1995",
}

@inproceedings{Berger-Aftosmis-Murman,
  author = "M. Berger and M.J. Aftosmis and S.M. Murman",
  title =  "Analysis of slope limiters on irregular grids",
  organization = "AIAA",
  series="43th",
  year = "2005",
  number="0490",
}

@Article{Bernardi-Canuto-Maday,
  author =       "C. Bernardi and C. Canuto and Y. Maday",
  title =        "Generalized inf-sup conditions for {C}hebyshev spectral approximation of the {S}tokes problem",
  journal =      "SIAM J. Numer. Anal.",
  volume =       "25",
  year =         "1988",
  pages =        "1237--1271",
}

@Book{Bernardi-Maday-Rapetti,
  author =       "C. Bernardi and Y. Maday and F. Rapetti",
  title =        "Discr{\'e}tisations variationnelles de probl{\`e}mes aux limites elliptiques",
  edition =      "",
  publisher =    "Springer",
  series =        "S{\'e}rie math{\'e}matiques et Applications",
  year =         "2004",
}

@Article{Berrut-Trefethen,
  author =       "J-P. Berrut, L.N. Trefethen",
  title =        "Barycentric Lagrange Interpolation",
  journal =      "SIAM Review",
  volume =       "46",
  year =         "2004",
  pages =        "501--517",
}


@Phdthesis{Bertier1,
  author =       "N. Bertier",
  title =        "Simulation des grandes \'echelles en
a\'erothermique sur des maillages non structur\'es g\'en\'eraux",
  school =      " Univ. Paris 6",
  year =         "2006",
}

@Article{Biagioni-Gramchev, 
  author =	 " H.A. Biagioni and T. Gramchev",
  title =	 "{N}avier--{S}tokes equation with singular initial data and forcing term",
  journal =	 "Matematica Contemporanea",
  volume =	 "10",
  year =	 "1996",
  pages =	 "1--20",
}

@Article{Bialecki,
  author =       "B. Bialecki",
  title =        "A fast solver for the orthogonal spline collocation solution
of the biharmonic {D}irichlet problem on rectangles",
  journal =      "J. Comput. Phys.",
  volume =       "191",
  year =         "2003",
  pages =        "601--621",
}

@Article{Bialecki-2,
  author =       "B. Bialecki",
  title =        "A fast domain decomposition {P}oisson solver on a rectangle for {H}ermite bicubic
{O}rthogonal {S}pline {C}ollocation",
  journal =      "SIAM J. Numer. Anal.",
  volume =       "30",
  year =         "1993",
  pages =        "425--434",
}


@Article{Bialecki-Fairweather-Bennett,
  author =       "B. Bialecki and G. Fairweather and K.R. Bennett",
  title =        "Fast direct solvers for piecewise {H}ermite bicubic orthogonal spline collocation equations",
  journal =      "SIAM J. Numer. Anal.",
  volume =       "29",
  year =         "1992",
  pages =        "156--173",
}

@Article{Bialecki-Fairweather-Karageorghis,
  author =       "B. Bialecki and G. Fairweather and A. Karageorghis",
  title =        "Matrix decomposition algorithms for elliptic boundary value problems: a survey",
  journal =      "Numerical Algorithms",
  volume =       "56",
  year =         "2011",
  pages =        "253--295",
}

@Article{Bialecki-Fairweather-Remington,
  author =       "B. Bialecki and G. Fairweather and K.A. Remington",
  title =        "Fourier methods for piecewise {H}ermite bicubic orthogonal spline collocation",
  journal =      "East-West J. Numer. Math",
  volume =       "2",
  year =         "1994",
  pages =        "1--20",
}

@Article{Billet-1,
  author =	 "G. Billet",
  title =	 "Improvement of convective concentration fluxes in a one step reactive flow solver",
  journal =	 "J. Comput. Phys.",
  volume =	 "204",
  year =	 "2005",
  pages =	 "319--352",
}

@Article{Billet-Louedin-1,
  author =	 "G. Billet and O. Louedin",
  title =	 "Adaptive Limiters for improving the accuracy of the {MUSCL} approach for unsteady flows",
  journal =	 "J. Comput. Phys.",
  volume =	 "170",
  year =	 "2001",
  pages =	 "161--183",
}

@Article{Bjorstad,
  author =       "P. Bj{\o}rstad",
  title =        "Fast numerical solution of the biharmonic {D}irichlet
                 problem on rectangles",
  journal =      "SIAM J. Numer. Anal.",
  volume =       "20",
  year =         "1983",
  pages =        "59--71",
}

@Article{Bjorstad-Tjostheim,
  author =       "P. Bj{\o}rstad and B.P. Tj{\o}stheim",
  title =        "Efficient algorithms for solving a fourth order equation with
the spectral {G}alerkin method",
  journal =      "SIAM J. Sci. Stat. Comput.",
  volume =       "",
  year =         "1997",
  pages =        "",
}

@Article{Bjorstad-Tjostheim-2,
  author =       "P. Bj{\o}rstad and B.P. Tj{\o}stheim",
  title =        "High precision solutions of the two fourth order
                  eigenvalue problems",
  journal =      "Computing",
  volume =       "63",
  year =         "1999",
  pages =        "97--107",
}

@Article{Bochev-Gunzburger,
  author =       "P. Bochev and M. Gunzburger",
  title =        "On least squares finite element methods for the {P}oisson equation and their connection to
                   the Dirichlet and Kelvin principle",
  journal =      "SIAM J. Numer. Anal.",
  volume =       "43",
  year =         "2005",
  pages =        "340--362",
}

@Article{Bogey-Bailly,
  author =	 "C. Bogey and C. Bailly",
  title =	 "A family of low dispersive and low dissipative explicit schemes for flow noise and noise computations",
  journal =	 "J. Comput. Phys.",
  volume =	 "194",
  year =	 "2003",
  pages =	 "194--214",
}
@Article{Boisvert-1,
  author =       "R.F. Boisvert",
  title =        "Families of high order accurate discretizations of some elliptic problems",
  journal =      "SIAM J. Sci. Stat. Comput.",
  volume =       "2",
  year =         "1981",
  pages =        "268-284",
}

@Article{Boisvert-2,
  author =       "R.F. Boisvert",
  title =        "Algorithms for special tridiagonal systems",
  journal =      "SIAM J. Sci. Stat. Comput.",
  volume =       "12",
  year =         "1991",
  pages =        "423--442",
}

@Article{Boisvert-3,
  author =       "R.F. Boisvert",
  title =        "A fourth order accurate {F}ourier method
for the {H}elmholtz equation in three dimensions",
  journal =      "ACM Trans. Math. Soft.",
  volume =       "13",
  year =         "1987",
  pages =        "221--234",
}

@unpublished{Borrel,
  author =       "M. Borrel",
  title =        "Approches {MUSCL} et {DG}
en a\'eroacoustique non lin\'eaire et
en a\'erodynamique des tourbillons",
  note = "Preprint ONERA",
  year = "2005",
}


@Article{Bossavit,
  author =	 " Bossavit",
  title =	 "",
  journal =	 "",
  volume =	 "",
  year =	 "",
  pages =	 "",
}


@Article{Botella,
  author =       "O. Botella",
  title =        "On the solution of the {N}avier--{S}tokes equations
                  using {C}hebyshev projection schemes with third-order accuracy in time",
  journal =      "Comput. Fluids",
  volume =       "26",
  year =         "1997",
  pages =        "107--116",
}

@Article{Botella-Peyret,
  author =       "O. Botella and R. Peyret",
  title =        "Benchmark spectral results on the lid-driven cavity flow",
  journal =      "Comput. Fluids",
  volume =       "27",
  year =         "1998",
  pages =        "421--433",
}

%   ADDRESS = {ISBN 9781848162754},
@Book{Bouchut,
  author =       "F. Bouchut",
  title =        "Nonlinear stability of finite volume methods for hyperbolic conservation laws, and well balanced schemes for sources",
  edition =      "",
  publisher =    "Birkh{\"a}user",
  series =        "Frontiers in Mathematics ",
  year =         "2004",
}

@incollection{Bouchut-2,
author="  F. Bouchut",
title=" Efficient numerical finite volume schemes for shallow ater models",
booktitle=" Numerical Analysis, Special volume on Computational Methods for the Oceans and the Atmosphere",
chapter="",
series= "Edited Series on Advances in Nonlinear Science and Complexity",
volume="2",
editor=" V. Zeitlin and F. Bouchut and S. Medvedev and G. Reznik and A. Stegner",
publisher=" Elsevier",
year= "2007",
}

@Article{Bouffanais-Deville-Fischer-Leriche-Weill,
  author =	 "R. Bouffanais and M.O. Deville and P.F. Fischer and E. Leriche and D. Weill",
  title =	 "Large-eddy simulation of the lid-driven cubic cavity flow by the spectral element method",
  journal =	 " J. Scient. Comput.",
  volume =	 "27",
  year =	 "2006",
  pages =	 "151--162",
}

@Book{Boyce-Diprima,
  author =       " W. E. Boyce and R. C. DiPrima",
  title =        "Elementary Differential Equations and 
                  Boundary Value Problems",
  edition =      "7th",
  publisher =    "Wiley",
  series =        "",
  year =         "2003",
}

@book{Braess,
    AUTHOR = {Braess, D},
     TITLE = {Finite Elements},
 PUBLISHER = {Cambridge Univ. Press.},
   ADDRESS = {},
      YEAR = {1997},
    NUMBER = {},
     PAGES = {--},
}

@Article{Brandts-1,
  author =       "J-H. Brandts",
  title =        "Superconvergence and a prosteriori error estimations for triangular mixed finite elements",
  journal =      "Numer. Math.",
  volume =       "68",
  year =         "1994",
  pages =        "311--324"
}

@Article{Brandts-Chen,
  author =       "J-H. Brandts and Y. Chen",
  title =        "Superconvergence and least-squares mixed finite elements",
  journal =      "",
  volume =       "",
  year =         "2004",
  pages =        "",
}

@Article{Brandts-Krizek-1,
  author =       "J-H. Brandts and Y. Chen",
  title =        "History and future of superconvergence in three dimensional finite element methods",
  journal =      "",
  volume =       "",
  year =         "2000",
  pages =        "",
}

@Article{Brandts-Krizek-2,
  author =       "J-H. Brandts and Y. Chen",
  title =        "Gradient superconvergence on uniform simplicial partitions of polytopes",
  journal =      "IMA J. of Numer. Anal.",
  volume =       "23",
  year =         "2003",
  pages =        "489--505"
}


@Book{Braun,
  author =       "M. Braun",
  title =        "Differential Equations and Their Applications",
  edition =      "{TAM}, 11, 4-th ed.",
  publisher =    "Springer-Verlag",
  year =         "1992",
}

@Article{Braverman-Epstein-Israeli-Averbuch,
  author =     "E. Braverman and B. Epstein and M. Israeli and A. Averbuch",
  title=      "A fast spectral subtractional solver for elliptic equations",
  journal =      "J. Sci. Comput.",
  volume =       "21",
  year =         "2004",
  pages =        "91--128",
}

@Article{Braverman-Israeli-Averbuch,
  author =     "E. Braverman and M. Israeli and A. Averbuch",
  title=      "A hierarchical {3-D} direct {H}elmholtz solver by
                 domain decomposition and modified {F}ourier method",
  journal =      "SIAM J. Sci. Comput.",
  volume =       "26",
  year =         "2005",
  pages =        "1504--1524",
}

@book {Brenner-Scott,
    AUTHOR = {Brenner, S. C. and Scott, L. R.},
     TITLE = {The mathematical theory of finite element methods},
    SERIES = {Texts in Applied Mathematics},
    VOLUME = {15},
   EDITION = {2-nd},
 PUBLISHER = {Springer-Verlag},
   ADDRESS = {New York},
      YEAR = {2002},
     PAGES = {xvi+361},
      ISBN = {0-387-95451-1},
   MRCLASS = {65N30 (46N40)},
  MRNUMBER = {MR1894376 (2003a:65103)},
}

@unpublished{Brenner1,
  author =       "P. Brenner",
  title =        "Rapport de recherche non publi\'e",
  note = "Preprint",
  year = "2008",
}

@Article{Brezis-Cazenave,
author= "       H. Brezis and T. Cazenave",
title=          "A nonlinear heat equation with singular initial data", 
journal=        "J. Anal. Math",
volume=          "68",
year=            "1996", 
pages=            "277-304",
}

@Article{Brezzi-1,
  author =       "F. Brezzi",
  title =        "On the existence, uniqueness and approximation of saddle-point problems,
arising form lagrangian multipliers",
  journal =      "R.A.I.R.O.",
  volume =       "8",
  year =         "1974",
  pages =        "129--151",
}


@Article{Brezzi-Douglas-Marini,
  author =       " F. Brezzi, J. Douglas, L.D. Marini",
  title =        "Two families of Mixed Finite Element for second order elliptic problems",
  journal =      "Numer. Math.",
  volume =       "47",
  year =         "1985",
  pages =        " 217-235"
}

@book{Brezzi-Fortin,
    AUTHOR = { F. Brezzi, M. Fortin},
     TITLE = {Mixed and Hybrid Finite Elements},
 PUBLISHER = {Springer},
 SERIES={Series in Comp. Math.},
 NUMBER={15},
   ADDRESS = {},
      YEAR = {1991},
}

@Article{Brooks-Hughes,
  author =       " A. Brooks and T.J.R. Hughues",
  title =        "Streamline upwind/{P}etrov-{G}alerkin formulations for convection dominated flows with particular 
emphasis on the incompressible {N}avier--{S}tokes equations",
  journal =      "Comput. Meth. App. Mech. Eng.",
  volume =       "32",
  year =         "1982",
  pages =        "199--259",
}

@Article{Brown-Cortez-Minion,
  author =       "D.L. Brown and R. Cortez and M.L. Minion",
  title =        "Accurate projection methods for the incompressible
                  {N}avier--{S}tokes equations",
  journal =      "J. Comput. Phys.",
  volume =       "168",
  year =         "2001",
  pages =        "464--499",
}

@Article{Brown-Davies-Jimack-Mihajlovic,
  author =	 "B.M Brown and E.B. Davies and P. K. Jimack and M.D. Mihajlovic",
  title =	 "On the Accurate Finite Element Solution of a Class of Fourth
                  Order Eigenvalue Problems",
  journal =	 "Proc. R. Soc. Lond. A",
  volume =	 "456",
  year =	 "2000",
  pages =	 "1505--1521",
}

@Article{Bruger-Gustafsson-Lotstedt-Nilsson,
  author =	 "A. Br{\"u}ger and B. Gustafsson and P. L{\"o}tstedt and J. Nilsson",
  title =	 "High order accurate solution of the incompressible
                  {N}avier--{S}tokes equations",
  journal =	 "J. Comput. Phys.",
  volume =	 "203",
  year =	 "2005",
  pages =	 "49-71",
}

@Article{Bruneau-Saad,
  author =       "C-H. Bruneau and M Saad",
  title =        "The {2D} lid-driven cavity revisited",
  journal =      "Comput. Fluids",
  volume =       "35",
  year =         "2006",
  pages =        "326--348",
}

@Article{Bryant,
  author =       "S.L. Bryant",
  title =        " Some mathematical and computational problems in reactive flows",
  journal =      "Comput. Geosciences",
  volume =       "5",
  year =         "2001",
  pages =        "202--223",
}

@Article{Bubnovitch-Rosas-Moraga,
  author =       "V.I. Bubnovitch and C. Rosas and N.O. Moraga",
  title =        "A stream function implicit difference scheme for {2D} incompressible flows of {N}ewtonian fluids",
  journal =      "Int. J. Numer. Meth. Eng.",
  volume =       "53",
  year =         "2002",
  pages =        "2163--2184",
}

@Article{Buffard-Clain,
  author =	 "T. Buffard and S. Clain",
  title =	 " Multi-Slope {MUSCL} Methods
for Unstructured Meshes",
  journal =	 "Preprint Univ. Clermont-Ferrand",
  volume =	 "",
  year =	 "2006",
  pages =	 "",
}

@Phdthesis{Burbeau,
  author =       "A. Burbeau",
  title =        "M\'ethodes de {G}alerkine discontinu d'ordre
\'elev\'e pour la simulation instationnaire en maillage non structur\'e",
  school =      "Univ. Bordeaux 1 et ONERA",
  year =         "2000",
}

@Article{Burbeau2,
  author =       "A. Burbeau and P. Sagaut and C-H. Bruneau",
  title =        "An improved limiter for high-order {RKDG} methods",
  journal =      "J. Comput. Phys.",
  volume =       "169",
  year =         "",
  pages =        "115-150",
}
@Book{Butcher,
  author =       "J.C. Butcher",
  title =        "Numerical methods for ordinary differential equations",
  edition =      "",
  publisher =    "Wiley",
  year =         "2003",
}

@Article{Buzbee-Dorr,
  author = 	 {B.L. Buzbee and F.W. Dorr},
  title = 	 {The direct solution of the biharmonic equation on rectangular regions and the {P}oisson equation 
on irregular regions},
  journal = 	 {SIAM J. Numer. Anal.},
  year = 	 {1974},
  OPTkey = 	 {},
  OPTvolume = 	 {11},
  OPTpages = 	 {753--763},
  OPTmonth = 	 {},
  OPTnote = 	 {},
  OPTannote = 	 {}
}

@Article{Buzbee-Dorr-George-Golub,
  author = 	 {B.L. Buzbee and F.W. Dorr and J.A. George and G.H. Golub},
  title = 	 {The direct solution of the discrete {P}oisson equation on irregular regions},
  journal = 	 {SIAM J. Numer. Anal.},
  year = 	 {1971},
  OPTkey = 	 {},
  OPTvolume = 	 {8},
  OPTpages = 	 {722--736},
  OPTmonth = 	 {},
  OPTnote = 	 {},
  OPTannote = 	 {}
}

@Article{Buzbee-Golub-Nielson,
  author = 	 {B.L. Buzbee and G.H. Golub and C. W. Nielson},
  title = 	 {On direct methods for solving {P}oisson's equations},
  journal = 	 {SIAM J. Numer. Anal.},
  year = 	 {1970},
  OPTkey = 	 {},
  OPTvolume = 	 {7},
  OPTpages = 	 {627--656},
  OPTmonth = 	 {},
  OPTnote = 	 {},
  OPTannote = 	 {}
}

@Article{Cai-McCormick,
  author =       " Z. Cai and S. Mc Cormick",
  title =        " On the accuracy of the finite volume element method for diffusion equations on composite grids",
  journal =      "SIAM J. Numer. Anal.",
  volume =       "27",
  year =         "1990",
  pages =        "636--656",
}


@Article{Calhoun,
  author =       "D. Calhoun",
  title =        "A Cartesian grid method for solving the two-dimensional
                 streamfunction-vorticity equations in irregular regions",
  journal =      "J. Comput. Phys.",
  volume =       "176",
  year =         "2002",
  pages =        "231--275",
}

@Article{Calhoun-Helzel,
  author =	 "D. Calhoun and C. Helzel",
  title =	 "A finite volume method for solving parabolic equations on logically cartesian curved surface meshes",
  journal =	 "",
  volume =	 "",
  year =	 "",
  pages =	 "",
}

@book{Canuto-Hussaini-Quarteroni-Zang,
 AUTHOR = {C. Canuto and M.Y. Hussaini and A. Quarteroni and T.A. Zang},
 TITLE = {Spectral Methods - 
 Evolution to Complex Geometries and Applications to Fluid Dynamics},
 PUBLISHER = {Springer},
 SERIES={{\it Series in Scientific Computation}},
 NUMBER={},
 ADDRESS = {},
 YEAR = {2007},
}

@inproceedings{Caraeni-Hill-1,
  author = "D. Caraeni and D.C. Hill",
  title =  "Efficient 3rd order finite-volume discretization using 
iterative quadratic data reconstruction on unstructured grids",
  organization = "AIAA",
  year = "2009",
  series ="AIAA",
  number="2009-1332",
  pages="1--20"
}

@article{Caraeni-Hill-2,
  author =       "D. Caraeni and D. C. Hill",
  title =        "Unnstructured-grid third-order finite volume discretization
using a multistep quadratic data-reconstruction method",
  journal =      "AIAA Journal",
  volume=        "48",
  number=        "4",
  year=          "2010",
  pages=         "808--817"
}

@proceedings{Carey-Spotz-1,
  author =       "Carey G.F. and Spotz W.F.",
  title =        "High order Compact Finite Difference Methods",
  journal =      " Proc. of the 3rd Int. Conf. on Spectral and High Order Methods, Houston, 1986",
  year =         "1986",
  pages =        "",
}

@Article{Carey-Spotz-2,
  author =       "G.F. Carey and W.F. Spotz",
  title =        "Higher order mixed methods",
  journal =      "Comm. Numer. Meth. Eng.",
  volume =       "13",
  year =         "1997",
  pages =        "553--554",
}

@Article{Carey-Spotz-3,
 author =       "G.F. Carey and W.F. Spotz",
 title =        "High-order compact scheme for the stream-function vorticity equations",
 journal =      "Int. J. Numer. Meth. Eng.",
 volume =       "38",
 year =         "1995",
 pages =        "3497--3512",
}

@Article{Carey-Spotz-4,
 author =       "G.F. Carey and W.F. Spotz",
 title =        "Extension of High-Order Compact Schemes 
 to Time Dependent Problems",
 journal =      "Numer. Meth. Part. 
 Diff. Eqs",
 volume =       "17",
 year =         "2001",
 pages =        "657--672",
}
@Article{Carlen-Loss-1,
  author =       "E.A. Carlen and M. Loss",
  title =        " Sharp constant in
                   {N}ash's inequality",
  journal =      "Duke Math. J.",
  volume =       "71",
  year =         "1993",
  pages =        "213--215",
}
@Article{Carlen-Loss-2,
  author =       "E.A. Carlen and M. Loss",
  title =        " Optimal smoothing and
decay estimates for viscously damped conservation laws, with
applications to the {2-D} {N}avier--{S}tokes equation",
  journal =      "Duke Math. J.",
  volume =       "81",
  year =         "1995",
  pages =        "135--157",
}
@Article{Carpenter-Gottlieb-Abarbanel,
  author =       "M. H. Carpenter and D. Gottlieb and S. Abarbanel",
  title =        "The stability of numerical boundary treatments for compact
                  high-order finite difference schemes",
  journal =      "J. Comput. Phys.",
  volume =       "108",
  year =         "1993",
  pages =        "272--295",
}
@Article{Carpentier-Bourdonnaye-Larrouturou,
  author =       "R. Carpentier and A. de la Bourdonnaye and B. Larrouturou",
  title =        "On the derivation of the modified equation for the analysis of 
linear numerical methods",
  journal =      "Math. Model. and Numer. Anal.",
  volume =       "31",
  year =         "1997",
  pages =        "459--470",
}
@Article{Carpio,
  author =	 " A. Carpio",
  title =	 " Asymptotic behavior for the
vorticity equations in dimensions two and three",
  journal =	 "Comm. PDE",
  volume =	 "19",
  year =	 "1994",
  pages =	 "827--872",
}

@Article{Causin-Sacco,
  author =       "P. Causin and R. Sacco",
  title =        " A discontinuous {P}etrov-{G}alerkin method with lagrangian multipliers
                   for second order elliptic problems",
  journal =      "SIAM J. Numer. Anal.",
  volume =       "43",
  year =         "2005",
  pages =        "280--302",
}

@Article{Cayco-Nicolaides,
  author =       "M.E. Cayco  and R.A. Nicolaides",
  title =        "Finite element technique for optimal pressure recovery
                  from stream function formulation of viscous flows",
  journal =      "Math. Comp.",
  volume =       "46",
  year =         "1986",
  pages =        "371--377",
			     }

@Article{Chainais-Hillairet,
  author =	 "C. Chainais-Hillairet",
  title =	 " Second order finite volume
schemes for a nonlinear hyperbolic equation : error estimate",
  journal =	 "M2AS",
  volume =	 "23",
  year =	 "2000",
  pages =	 "467--490",
}

@Techreport{Chakravarty-Harten,
  author =       "S. Chakravarthy and A. Harten ",
  title =        "{ENO} schemes for general geometries",
  institution =      "NASA-ICASE,Langley Research Center, Hampton.",
  year =         "1991",
  number =        "91-76",
}

@Article{Chattot-1,
  author =       "J.J. Chattot",
  title =        "Box-schemes for First Order Partial Differential Equations",
  journal =      "Advances in Comp. Fluid Dynamics",
  volume =       "Gordon Breach Publ.",
  year =         "1995",
  pages =        "307--331",
}

@inproceedings{Chattot-Mallet,
  author =       "J.J. Chattot, S. Malet",
  title =        " A box-scheme for the Euler equations", 
  booktitle =    " Lecture Notes in Math., 1270, Springer-Verlag",
  month=     "",
  volume =       " ",
  year =         "1987",
  pages =        "",
}

@Article{Chen,
  author =       "L. Chen",
  title =        "Superconvergence of tetrahedral linear finite elements",
  journal =      "Int. J. of Numerical Analysis and Modeling",
  volume =       "1",
  year =         "",
  pages =        "1--18"
}

@Article{Chen-Li-Lin, 
    author= "G. Chen and Z. Li and P. Lin", 
    title="A fast finite difference method for biharmonic equations 
           on irregular domains and its application to an incompressible 
           Stokes flow", 
    journal="Adv. Comput. Math.",
    volume="29",
    year="2008",
    pages="113--133",
}
@Article{Chen-Temam-Tribbia,
  author =	 " Q. Chen and R. Temam and J.J. Tribbia",
  title =	 "Simulations of the 2.5D inviscid primitive equations in a limited domain",
  journal =	 "J. Comput. Phys.",
  volume =	 "227",
  year =	 "2009",
  pages =	 "9865--9884",
}
@Article{Cheny-Botella,
  author =	 " Y. Cheny and O. Botella",
  title =	 "The LS-STAG method: A new immersed boundary/level-set method
for the computation of incompressible viscous flows in complex moving geometries with good conservation 
properties",
  journal =	 "J. Comput. Phys.",
  volume =	 "229",
  year =	 "2010",
  pages =	 "1043--1076",
}

@misc{Chevalier-et-al,
  author = "P. Chevalier and B. Courbet and D. Dutoya and P. Klotz and 
E. Ruiz and J. Troyes and P. Villedieu",
  title =  "Development and validation of a multiphysic computational software",
  howpublished = "First European Conference for Aerospace Sciences (EUCASS), Moscow",
  year = "2005",
  month= "july",
}
@Article{Brezis,
  author =       "H. Brezis",
  title =        " Remarks on the preceding paper by
                   {M.} {B}en-{A}rtzi: {"{G}lobal solutions of two-dimensional  {N}avier--{S}tokes
                   and  {E}uler equations"} ",
  journal =      "Arch. Rat. Mech. Anal.",
  volume =       "128",
  year =         "1994",
  pages =        "359--360",
}
@Techreport{Chevallier-Courbet-Dutoya-Ruiz-1,
  author =       "P. Chevallier and B. Courbet and D. Dutoya and E. Ruiz",
  title =        "TITAN1: D\'eveloppement du code {CEDRE}",
  institution =      "ONERA",
  year =         "2000",
  type=          "Rapport Technique ONERA",
  number =        "2/00433",
}
@Techreport{Chevallier-Courbet-Dutoya-Ruiz-2,
  author =       "P. Chevallier, B. Courbet, D. Dutoya, E. Ruiz",
  title =        "TITAN1: D\'eveloppement du code CEDRE",
  year =         "2000",
  type=          "Rapport Technique ONERA",
  number =        "2/00433",
}
@Article{Chevrot-Martin-Komatitsch,
  author =	 "S. Chevrot and R. Martin and D. Komatitsch",
  title =	 "Optimized discrete wavelet transforms in the cubed sphere with the
lifting scheme - {I}mplications for global finite-frequency tomography",
  journal =	 "Geophys. J. Int.",
  volume =	 "191",
  year =	 "2012",
  pages =	 "1391--1402",
}
@Article{Chorin-1,
  author =       "A. J. Chorin",
  title =        "Numerical solution of the {N}avier--{S}tokes equations",
  journal =      "Math. Comp.",
  volume =       "22",
  year =         "1968",
  pages =        "745--762",
}
@Article{Chorin-2,
  author =       "A. J. Chorin",
  title =        "Vortex sheet approximation of boundary layers",
  journal =      "J. Comput. Phys.",
  volume =       "27",
  year =         "1978",
  pages =        "428--442",
}
@article{Chorin-4,
author = {A. J. Chorin},
title = {Vortex Models and Boundary Layer Instability},
publisher = {SIAM},
year = {1980},
journal = {SIAM J. Sci. Stat. Comput.},
volume = {1},
pages = {1-21}
}
@Article{Chorin-5,
 author =       "A. J. Chorin",
 title =        "Numerical study of slightly viscous flow",
 journal =      "J. Fluid Mech.",
 volume =       "57",
 year =         "1973",
 pages =        "785--796",
}

@Book{Chorin-6,
  author =       "A. J. Chorin",
  title =        "Vorticity and Turbulence",
  series=        "Applied Mathematical Sciences",
  volume=        "103",
  publisher =    "Springer-Verlag",
  year =         "1994",
}

@Book{Chorin-Marsden,
  author =       "A. J. Chorin and J. E. Marsden",
  title =        "A {M}athematical {I}ntroduction to {F}luid {M}echanics",
  edition =      "2-nd",
  publisher =    "Springer-Verlag",
  year =         "1990",
}

@article {Chou-Kwak-Kim,
    AUTHOR = {Chou, S-H. and Kwak, D. Y. and Kim, K. Y.},
     TITLE = {Mixed finite volume methods on nonstaggered quadrilateral
              grids for elliptic problems},
   JOURNAL = {Math. Comp.},
  FJOURNAL = {Mathematics of Computation},
    VOLUME = {72},
      YEAR = {2003},
    NUMBER = {242},
     PAGES = {525--539 (electronic)},
      ISSN = {0025-5718},
     CODEN = {MCMPAF},
   MRCLASS = {65N06},
  MRNUMBER = {MR1954955 (2004a:65136)},
}
@Article{Chou-Kwak-Vassilevski,
  author =       "S.H. Chou and D.Y. Kwak and O. Vassilevski",
  title =        "Mixed covolume methods for elliptic problems on triangular grids",
  journal =      "SIAM J. Numer. Anal.",
  volume =       "35",
  year =         "1998",
  pages =        "1850--1861",
}
@article {Chou-Tang,
    AUTHOR = {Chou, S-H and Tang, S.},
     TITLE = {Comparing two approaches of 
analyzing mixed finite volume methods},
   JOURNAL = {KSIAM J.},
      VOLUME = {5},
      YEAR = {2001},
    NUMBER = {1},
     PAGES = {55--78},
      ISSN = {},
   MRCLASS = {},
  MRNUMBER = {},
}
@Article{Christara-Ng,
  author =       "C.C. Christara and K.S. Ng",
  title =        "Fast {F}ourier transform solvers and preconditioners for quadratic spline collocation",
  journal =      "BIT Numer. Math",
  volume =       "42",
  year =         "2002",
  pages =        "702--739",
}
@Article{Ciment-Leventhal,
  author =       "M. Ciment and S.H. Leventhal",
  title =        "Higher order compact implicit schemes for the wave equation",
  journal =      "Math. Comput.",
  volume =       "29",
  year =         "1975",
  pages =        "985--994",
}
@Article{Clain-Diot-Loubere,
  author =       "S. Clain and S. Diot and R. Loub\`ere",
  title =        "A high-order finite volume method for systems of conservation
laws - Multi-dimensional optimal order detection",
  journal =      "J. Comput. Phys.",
  volume =       "230",
  year =         "",
  pages =        "4028--4050",
}
@Article{Cockburn1,
  author =       "B. Cockburn and C.W. Shu",
  title =        "{R}unge--{K}utta {D}iscontinuous {G}alerkin methods
for convection-dominated problems",
  journal =      "J. Sci. Comput.",
  volume =       "16",
  year =         "2001",
  pages =        "",
}
@Article{Cockburn2,
  author =       "B. Cockburn and C.W. Shu",
  title =        "The local {D}iscontinuous {G}alerkin Method for
time-dependent convection diffusion systems",
  journal =      "SIAM J. Numer. Anal.",
  volume =       "35",
  year =         "1998",
  pages =        "2440-2463",
}
@Book{Cohn1,
  author =       "P.M. Cohn",
  title =        "Classic Algebra",
  publisher =    "John Wiley \& Sons",
  year =         "2000",
}
@Book{Collatz,
  author =       "L. Collatz",
  title =        "The {N}umerical {T}reatment of {D}ifferential {E}quations",
  edition =      "3-rd",
  publisher =    "Springer-Verlag",
  year =         "1960",
}
@book{Comtet,
    AUTHOR = "L. Comtet",
     TITLE = {{A}dvanced {C}ombinatorics},
 PUBLISHER = {D. Reidel Pub. Comp.},
      YEAR = {1974},
    NUMBER = {},
     PAGES = {--},
}
@Book{Constantin-Foias,
  author =       " P. Constantin and C. Foias",
  title =        "{N}avier--{S}tokes {E}quations",
  edition =      "",
  publisher =    "The University of Chicago Press",
  year =         "1988",
}
@Book{Conte-deBoor,
  author =       "S. D. Conte and C. de Boor",
  title =        "Elementary {N}umerical {A}nalysis: {A}n 
                 {A}lgorithmic {A}pproach",
  edition =      "3-rd",
  publisher =    "McGraw-Hill",
  year =         "1980",
}

@Article{Coppola-Meola,
  author =	 "G. Coppola and C. Meola",
  title =	 "Generalization of the Spline Interpolation based on 
the principle of compact schemes",
  journal =	 "J. Sci. Comput.",
  volume =	 "17",
  year =	 "2002",
  pages =	 "695--706",
}
@article {Cottet-1,
    AUTHOR = {G-H. Cottet},
     TITLE = {Equations de {N}avier--{S}tokes dans le plan avec tourbillon initial mesure},
   JOURNAL = {Comptes Rendus Acad. Sci. Paris S\'er. I Math.},
    VOLUME = {303},
      YEAR = {1986},
    NUMBER = {},
     PAGES = {105--108},
}
@Book{Cottet-Koumoutsakos,
  author =       "G-H. Cottet and P.D. Koumoutsakos",
  title =        "Vortex Methods. Theory and Practice",
  publisher =    "Cambridge University Press",
  year =         "2000",
}
@Techreport{CouDu1,
  author =       "B. Courbet, D. Dutoya",
  title =        "D\'eveloppement du solveur CHARME dans le cadre
du projet MSDH",
  year =         "1998",
  type=          "Rapport Technique ONERA",
  number =        "3/3777",
}
@Phdthesis{Coudiere,
  author =       "Y. Coudi\`ere",
  title =        "Analyse de sch?mas volumes-finis sur maillages non structur?s pour des probl?mes lin?aires
hyperboliques et elliptiques",
  school =      "Universit\'e de Toulouse",
  year =         "1999",
}
@Article{Courbet-2,
  author =       "B. Courbet",
  title =        " Two-point schemes for computational fluid dynamics",
  journal =      "La Recherche A\'erospatiale",
  volume =       " 5",
  year =         "1990",
  pages =        "21--46",
}
@Techreport{Courbet-3,
  author =       "B. Courbet",
  title =        "Sch\'emas bo\^\i te en r\'eseau triangulaire",
  institution =      "Office National d'Etudes et de Recherches A\'erospatiales",
  year =         "1992",
  number =        "18/3446 EN",
}
@Article{Courbet-4,
  author =       "B. Courbet",
  title =        " Sch\'emas \`a deux points pour la simulation num\'erique des \'ecoulements",
  journal =      "La Recherche A\'erospatiale",
  volume =       " 5",
  year =         "1990",
  pages =        "21--46",
}

@unpublished{Courbet-7,
  author =       "B. Courbet",
  title =        "Rapport de recherche ONERA, non publi\'e",
  journal =      "",
  volume =       "",
  year =         "2008",
  pages =        "",
}
@unpublished{Courbet-8,
  author =       "B. Courbet",
  title=         "Propositions pour de meilleures limitations 
dans les solveurs eul\'eriens de Cedre",
  journal =        "Note de travail, non publi\'ee",
  volume =       "",
  year =         "Onera, 2016",
  pages =        "1--16",
}
@article {Courbet-Croisille,
    AUTHOR = {Courbet, B. and Croisille, J-P.},
     TITLE = {Finite volume box schemes on triangular meshes},
   JOURNAL = {Math. Model. and Numer. Anal.},
  FJOURNAL = {Math. Model. and Numer. Anal.},
    VOLUME = {32},
      YEAR = {1998},
    NUMBER = {5},
     PAGES = {631--649},
      ISSN = {0764-583X},
   MRCLASS = {65N30 (65N12)},
  MRNUMBER = {MR1643473 (99i:65124)},
MRREVIEWER = {Stanly L. Steinberg},
}
@Article{Croisille-1,
  author =       "J-P. Croisille",
  title =        "Keller's box-scheme for the one-dimensional stationary convection-diffusion equation", 
  journal =      "Computing",
  volume =       "68",
  year =         "2002",
  pages =        "37-63",
}
@Article{Croisille-10,
  author =       "J.-P. Croisille",
  title =        " Hermitian compact interpolation on the {C}ubed-{S}phere grid",
  journal =      "Jour. Sci. Comp.",
  volume =       "57,1",
  year =         "2013",
  pages =        "193--212",
}
@Techreport{Croisille-11,
  author =       "J-P. Croisille",
  title =        "Interpolation quadratique locale en volumes finis",
  institution =      "ONERA",
  year =         "2004",
  type=          "Rapport Technique ONERA",
  number =        "1/08258",
}

@Article{Croisille-12,
  author =       "J.-P. Croisille",
  title =        " Hermitian approximation of the spherical divergence on the {C}ubed-{S}phere",
  journal =      "Jour. Comp. App. Math.",
  volume =       "280",
  year =         "2015",
  pages =        "188--201",
}
@article {Croisille-2,
    AUTHOR = {Croisille, J-P.},
     TITLE = {Finite Volume Box-Schemes and Mixed Methods},
   JOURNAL = {Math. Model. and Numer. Anal.},
  FJOURNAL = {Comptes Rendus Math\'ematique. Acad\'emie des Sciences. Paris},
    VOLUME = {34},
      YEAR = {2000},
    NUMBER = {5},
     PAGES = {1087--1106},
}
@Techreport{Croisille-22,
  author =       "J-P. Croisille",
  title =        "M\'ethode de {G}alerkine discontinue et volumes finis",
  institution =      "ONERA",
  year =         "2005",
  type=          "Rapport Technique ONERA",
  number =        "1/10159",
}
@unpublished {Croisille-5,
    AUTHOR = {J-P. Croisille},
     TITLE = {A high order accurate box-scheme 
for the one dimensional convection-diffusion equation},
      NOTE = {Preprint 2002, Universit\'e de Metz},
   }
@Article{Croisille-6,
  author =       "J-P. Croisille",
  title =        "A {H}ermitian {B}ox-{S}cheme for one-dimensional elliptic equations - {A}pplication to 
problems with high contrasts in the ellipticity",
  journal =      "Computing",
  volume =       "78",
  year =         "2006",
  pages =        "329-353",
}
@Article{Croisille-7,
  author =       "J-P. Croisille",
  title =        "{H}ermitian {C}ompact {I}nterpolation on the {C}ubed-{S}phere {G}rid",
  journal =      "J. Scient. Comput.",
  volume =       "57,1",
  year =         "2013",
  pages =        "193--212",
}
@Article{Croisille-Ern-Lelievre-Proft,
  author=        " J.-P. Croisille and A. Ern and  T. Leli\`evre and J. Proft",
  title =        "Analysis and simulation of a coupled hyperbolic/parabolic model problem",
  journal =      "J. Numer. Math.",
  volume =       "13",
  year =         "2005",
  pages =        "81--103",
}
@article {Croisille-Greff-1,
    AUTHOR = {Croisille, J-P. and Greff, I.},
     TITLE = {Some box schemes for elliptic problems},
   JOURNAL = {Numer. Methods Partial Differential Equations},
  FJOURNAL = {Numerical Methods for Partial Differential Equations. An
              International Journal},
    VOLUME = {18},
      YEAR = {2002},
    NUMBER = {3},
     PAGES = {355--373},
      ISSN = {0749-159X},
   MRCLASS = {65N30},
  MRNUMBER = {MR1895004 (2003c:65117)},
}
@inproceedings{Croisille-Greff-3,
    AUTHOR = {J-P. Croisille and I. Greff},
     TITLE = {A box scheme for convection-diffusion equations},
 BOOKTITLE = {Proceeding of the 3. ISFVMCA, },
     MONTH = {June},
      YEAR = {2002},
   ADDRESS = {Porquerolles},
 PUBLISHER = {Hermes},
}
@article {Crouzeix-Raviart,
    AUTHOR = {Crouzeix, M. and Raviart, P.-A.},
     TITLE = {Conforming and nonconforming finite element methods for
              solving the stationary {S}tokes equations. {I}},
   JOURNAL = {Rev. Fran\c caise Automat. Informat. Recherche
              Op\'erationnelle S\'er. Rouge},
    VOLUME = {7},
      YEAR = {1973},
    NUMBER = {R-3},
     PAGES = {33--75},
   MRCLASS = {65N35},
  MRNUMBER = {MR0343661 (49 \#8401)},
MRREVIEWER = {F. M. Pascal},
}
@Book{Dafermos,
  author =       " C. M. Dafermos",
  title =        "Hyperbolic Conservation Laws in Continuum Physics",
  edition =      "",
  publisher =    "Springer",
  year =         "2000",
}
@Article{Daube,
  author =	 " O. Daube",
  title =	 "Resolution of the {2D} {N}avier--{S}tokes equations in velocity-vorticity 
                  form by means of an influence matrix technique",
  journal =	 "J. Comput. Phys.",
  volume =	 "103",
  year =	 "1992",
  pages =	 "402--414",
}
@Article{Dean-Glowinski-Pironneau,
  author =       "E. J. Dean and R. Glowinski and O. Pironneau",
  title =        "Iterative solution of the stream function-vorticity
                 formulation of the {S}tokes problem, application to the
                 numerical simulation of incompressible viscous flow",
  journal =      "Comput. Meth. Appl. Mech. Eng.",
  volume =       "87",
  year =         "1991",
  pages =        "117--155",
}
@book{Deans,
    AUTHOR = {S.R. Deans},
     TITLE = {The Radon Transform and some of its applications},
 PUBLISHER = {Dover Publications},
 SERIES={},
 NUMBER={},
   ADDRESS = {New-York},
      YEAR = {2007},
}
@Phdthesis{Delanaye,
  author =       "M. Delanaye",
  title =        "Polynomial Reconstruction Finite
Volume Schemes for the Compressible Euler and {N}avier--{S}tokes Equations
on Unstructured Adaptive Grids",
  school =      "Universit\'e Li\`ege,  Facult?
des Sciences Appliqu?es",
  year =         "1996",
}

@article{Delanaye-Essers,
  author =       "M. Delanaye and J.A. Essers",
  title =        " Quadratic-Reconstruction finite volume scheme for compressible flows on unstructured adaptive grids",
  journal =      "AIAA Journal",
  volume=        "35",
  number=        "4",
  year=          "1997",
  pages=         "631--639"
}

@Article{Dennis,
  author =       "S. C. R. Dennis  and L. Quartapelle",
  title =        "Some uses of {G}reen's theorem in solving
                 the {N}avier--{S}tokes equations",
  journal =      "Int. J. Numer. Meth. Flu.",
  volume =       "9(8)",
  year =         "1989",
  pages =        "871--890",
}

@Article{Dervieux1,
  author =	 "S. Camarri and M.V. Salvetti and B. Koobus and A. Dervieux",
  title =	 " A low-diffusion {MUSC}L scheme for {LES} on unstructured grids",
  journal =	 "Comput. Fluids",
  volume =	 "33",
  year =	 "2004",
  pages =	 "1101--1129",
}

@Article{Despres,
  author =	 " B. Despres",
  title =	 "An Explicit A Priori Estimate for
a Finite Volume Approximation of Linear Advection on Non-Cartesian
Grids",
  journal =	 "SIAM J. Numer. Anal.",
  volume =	 "42",
  year =	 "2004",
  pages =	 "484--504",
}

@book{Deuflhard-Bornemann,
    AUTHOR = {P. Deuflhard  and F. Bornemann},
     TITLE = {Scientific Computing with Ordinary Differential Equations},
 PUBLISHER = {Springer-Verlag},
 SERIES={},
 NUMBER={},
   ADDRESS = {},
      YEAR = {2002},
}
@Book{Deuflhard-Hohmann,
  author =       "P. Deuflhard and A. Hohmann",
  title =        "Numerical {A}nalysis in {M}odern {S}cientific {C}omputing. An {I}ntroduction",
  series =      "TAM",
  edition =      "2cd",
  number =       "43",  
  publisher =    "Springer-Verlag",
  year =         "2003",
}
@book{Deville-Fischer-Mund,
    AUTHOR = {M. Deville and P. Fischer and O. Mund},
     TITLE = {High-{O}rder {M}ethods {F}or {I}ncompressible {F}lows},
 PUBLISHER = {Cambridge University Press},
   ADDRESS = {},
      YEAR = {2002},
    NUMBER = {},
     PAGES = {--},
}
@Article{Ditkowski-Driri-Hesthaven,
  author =       "A. Ditkowski and K. Driri and J.S. Hesthaven",
  title =        " {C}onvergent {C}artesian {G}rid {M}ethods for {M}axwell {E}quations
                   in {C}omplex {G}eometries",
  journal =      "J. Comput. Phys.",
  volume =       " 170",
  year =         "2001",
  pages =        "39--80",
}

@Book{DoCarmo,
  author =       "M. P. Do Carmo",
  title =        "Differential Geometry of Curves and Surfaces",
  edition =      "1st",
  publisher =    "Prentice Hall",
  year =         "1976",
}

@Book{Doering-Gibbon,
  author =       " D. Doering and J.D. Gibbon",
  title =        "{A}pplied {A}nalysis of the {N}avier--{S}tokes {E}quations",
  edition =      "",
  publisher =    " Cambridge University Press",
  year =         "1995",
}

@Article{Douglas-Gunn,
  author =       "J. Douglas, J.E. Gunn",
  title =        "A general formulation of alternating direction methods; Part I. Parabolic and hyperbolic problems",
  journal =      "Numer. Math",
  volume =       "6",
  year =         "1964",
  pages =        "428--453",
}
@Article{Douglas-Rachford,
  author =       "J. Douglas,  H.H. Rachford",
  title =        "On the numerical solution of heat conduction problems in two and three space variables",
  journal =      "Trans. of the Amer. Math. Soc",
  volume =       "82",
  year =         "1956",
  pages =        "421--439",
}
@Article{Douglas-Santos-Sheen-Ye,
  author =       "J. Douglas Jr and J.E. Santos and D. Sheen and X. Ye",
  title =        "Nonconforming Galerkin methods based on quadrilateral elements for second order elliptic problems",
  journal =      "Math. Model. and Numer. Anal.",
  volume =       "33,4",
  year =         "1999",
  pages =        "747--770"
}
@Phdthesis{Drozo,
  author =       "C. Drozo",
  title =        "M\'ethode de type {G}alerkine discontinu
pour la r\'esolution des \'equations de {N}avier--{S}tokes en compressible",
  school =      "ENSAM et ONERA",
  year =         "1998",
}
@unpublished{Dubois-1,
  author =       "F. Dubois",
  title =        "Interpolation de Lagrange en volumes finis",
  note = "in Habilitation \`a diriger des recherches, universit\'e Paris 6",
  year = "1992",
}
@inproceedings{Dubois-Haider-Courbet-Croisille,
  author = "Q. Dubois and F. Haider and B. Courbet and J-P. Croisille",
  title =  "Natural convection and Low-Mach number flows simulation using a compressible high-order finite-volume scheme",
  organization = "ECCOMAS- ECFD VI",
  year="2014",
  booktitle= "",
  editor =    " ",
  publisher=    "",
  collection= " ",
  pages=      " ",
}
@unpublished{Dubos-1,
  author =       "T. Dubos",
  title =        "DYNAMICO, an icosahedral hydrostatic dynamical core
designed for consistency and versatility",
  note = "Preprint 2014",
}
@article{Ducruix,
title = "Theoretical and experimental determinations of the transfer function of a laminar premixed flame ",
journal = "Proceedings of the Combustion Institute ",
volume = "28",
number = "1",
pages = "765 - 773",
year = "2000",
note = "",
issn = "1540-7489",
doi = "http://dx.doi.org/10.1016/S0082-0784(00)80279-9",
url = "http://www.sciencedirect.com/science/article/pii/S0082078400802799",
author = "S. Ducruix and D. Durox and S. Candel"
}
@Article{Dumbser,
  author =       "M. Dumbser",
  title =        "Arbitrary High Order {$P^N P^M$} Schemes on Unstructured
Meshes for the Compressible Navier-Stokes Equations",
  journal =      "Comput. Fluids",
  volume =       "39",
  year =         "2010",
  pages =        "60--76",
}
@article{Dutt-Rokhlin,
author = {A. Dutt and V. Rokhlin},
collaboration = {},
title = {Fast Fourier Tranform for Nonequispaced Data},
publisher = {SIAM},
year = {1993},
journal = {SIAM J. Sci. Stat. Comp.},
volume = {14},
pages = {1368--1393},
}
@Article{Dziuk,
  author =	 " Dziuk",
  title =	 "",
  journal =	 "",
  volume =	 "",
  year =	 "",
  pages =	 "",
}
@Article{E-Liu-1,
  author =       "W. E and J.-G. Liu",
  title =        "Vorticity boundary condition and related issues
                 for finite difference scheme",
  journal =      "J. Comput. Phys.",
  volume =       "124",
  year =         "1996",
  pages =        "368--382",
}
@Article{E-Liu-2,
  author =       "W. E and J.-G. Liu",
  title =        "Essentially compact schemes for unsteady viscous
                 incompressible flows",
  journal =      "J. Comput. Phys.",
  volume =       "126",
  year =         "1996",
  pages =        "122--138",
}
@Article{E-Liu-3,
  author =       "W. E and J.-G. Liu",
  title =        "Finite difference methods for 3-D viscous
                 incompressible flows in the vorticity-vector
                 potential formulation on nonstaggered grids",
  journal =      "J. Comput. Phys.",
  volume =       "138",
  year =         "1997",
  pages =        "57--82",
}
@Article{E-Liu-4,
  author =       "W. E and J.-G. Liu",
  title =        "Finite difference schemes for incompressibe
                 flows in the velocity-impulse density formulation",
  journal =      "J. Comput. Phys.",
  volume =       "130",
  year =         "1997",
  pages =        "67--76",
}
@Article{Efstathiou-Gander,
  author =       "E. Efstathiou and M. Gander",
  title =        "Why restricted additive {S}chwarz converges faster than additive {S}chwarz",
  journal =      "BIT Numer. Math",
  volume =       "43",
  year =         "2003",
  pages =        "945--959",
}

@article {Ehrlich,
    AUTHOR = {Ehrlich, L. W.},
     TITLE = {Solving the biharmonic equations as coupled finite difference equations},
   JOURNAL = {SIAM J. Numer. Anal.},
  FJOURNAL = {SIAM J. on Numerical Analysis},
    VOLUME = {8},
      YEAR = {1971},
    NUMBER = {2},
     PAGES = {278--287},
     CODEN = {SJNAAM},
}

@article {Ehrlich2,
    AUTHOR = {Ehrlich, L. W.},
     TITLE = {Solving the biharmonic equation in a square: A direct versus a semidirect method},
   JOURNAL = {Comm. ACM},
    VOLUME = {16},
      YEAR = {1973},
     PAGES = {711--714},
}
@phdthesis {ElAlaoui,
    AUTHOR = {El Alaoui, L.},
     TITLE = {Analyse d'erreur a priori et a posteriori pour
des m\'ethodes d'\'el\'ements finis mixtes non-conforme},
SCHOOL = {Ecole Nationale des Ponts et Chauss\'ees, France},
      YEAR = {2005},
}
@article {ElAlaoui-Ern,
    AUTHOR = {El Alaoui, L. and Ern, A.},
     TITLE = {Residual and hierarchical a posteriori error estimates for
              nonconforming mixed finite element methods},
   JOURNAL = {Math. Model. and. Numer. Anal.},
  FJOURNAL = {Mathematical Modelling and Numerical Analysis},
    VOLUME = {38},
      YEAR = {2004},
    NUMBER = {6},
     PAGES = {903--929},
      ISSN = {0764-583X},
   MRCLASS = {65N15 (65N30 76M10 76S05)},
  MRNUMBER = {MR2108938},
}
@Techreport{Elsaesser-Peyret,
  author =       "E. Elsaesser and R. Peyret",
  title =        "M\'ethodes hermitiennes pour la r\'esolution des \'equations de {N}avier--{S}tokes",
  institution =      "ONERA",
  year =         "1978",
  number =        "TP 1978-138",
}
@Article{Erturk,
  author =	 "E. Erturk",
  title =	 "Discussions on Driven Cavity Flow",
  journal =	 "Int. J. Numer. Meth. Fluids",
  volume =	 "60",
  year =	 "2009",
  pages =	 "275--294",
}
@Book{Evans,
  author =       " L. C. Evans",
  title =        "Partial Differential Equations",
  edition =      "",
  publisher =    "AMS",
  series =        " ",
  year =         "1998",
}
@incollection{Eymard-Gallouet-Herbin,
author=" R. Eymard and T. Gallouet and R. Herbin",
title=" Finite Volume Methods",
booktitle="Handbook of Numerical Analysis",
volume="5",
editor="Ciarlet,Lions",
publisher="North-Holland",
year="1997",
}
@incollection{Eymard-Gallouet-Herbin-2,
  author =       " R. Eymard, T. Gallou{\"e}t, R. Herbin",
  title =        "The finite volume method",
  edition =      "",
editor="Ciarlet,Lions",
publisher="North-Holland",
  series = " Handbook for Numerical Analysis",
  year =         "2000, 715-1022",
}
@Article{Eymard-Gallouet-Herbin-Linke,
  author =       "R. Eymard and T. Gallou{\"e}t and R. Herbin and A. Linke",
  title =        " Finite volume schemes for the biharmonic problem on general meshes",
  journal =      "Math. Comp.",
  volume =       "81",
  year =         "2012",
  pages =        "2019--2048",
}
@Article{Eymard-Herbin-Rhoudaf,
  author =       "R. Eymard and R. Herbin and M. Rhoudaf",
  title =        " Approximation of the biharmonic problem using {P}$^1$ finite elements",
  journal =      "J. of Num. Math.",
  volume =       "19",
  year =         "2011",
  pages =        "1--26",
}
@article{FRA_CH4_CF_11,
	Author = {Franzelli, B. and Riber, E. and Gicquel, L.Y.M. and Poinsot, T.},
	Date-Added = {2013-03-22 13:14:20 +0000},
	Date-Modified = {2013-03-22 13:18:35 +0000},
	Journal = {Combustion and Flame},
	Pages = {621-637},
	Title = {Large Eddy Simulation of combustion instabilities in a lean partially premixed swirled flame},
	Volume = {159},
	Year = {2012}
	}
@Article{Fabes-Stroock,
  author =       "E.B. Fabes and D.W. Stroock",
  title =        " A new proof of
                   {M}oser's parabolic {H}arnack inequality using the old ideas of
                   {N}ash",
  journal =      "Arch. Rat. Mech. Anal.",
  volume =       "96",
  year =         "1986",
  pages =        "327--338",
}
@Article{Fairweather-Gladwell,
  author =       "G. Fairweather and I. Gladwell",
  title =        "Algorithms for almost block diagonal systems",
  journal =      "SIAM Review",
  volume =       "46",
  year =         "2004",
  pages =        "49--58",
}
@Article{Falk,
  author =       "R. Falk",
  title =        "Approximation of the biharmonic equation by a mixed finite element method",
  journal =      "SIAM J. Numer. Anal.",
  volume =       "15",
  year =         "1978",
  pages =        "556--567",
}
@Article{Farhloul-Fortin,
  author =       "  M. Farhloul and M. Fortin",
  title =        "A non-conforming mixed finite element for second order elliptic problems",
  journal =      " Numer. Meth. PDE",
  volume =       "",
  year =         "1997",
  pages =        "",
}
@Article{Figueira-PerezGuerrero-Cotta,
  author =       "E. Figueira da Silva and J. S. P\'erez Guerrero
                  and R. M. Cotta",
  title =        "Integral transform solution of boundary equations in
                  stream function-only formulation",
  journal =      "Int. J. Nonlinear. Mech.",
  volume =       "34",
  year =         "1999",
  pages =        "51--61",
}
@Article{Finden,
  author =       "W. F. Finden",
  title =        "An error term and uniqueness for {H}ermite--{B}irkhoff
                  interpolation
                  involving only function values and/or first derivative values",
  journal =      "J. Comput. and Appl. Math.",
  volume =       "212",
  year =         "2008",
  pages =        "1--15",
}
@Article{Fishelov,
  author =       "D. Fishelov",
  title =        "Simulation of three-dimensional turbulent flow in
                 non-{C}artesian geometry",
  journal =      "J. Comput. Phys.",
  volume =       "115",
  year =         "1994",
  pages =        "249--266",
}
@inproceedings{Fishelov-BenArtzi-Croisille,
  author =       "D. Fishelov and M. Ben-Artzi and J-P. Croisille",
  title =        "A compact scheme for the streamfunction formulation of {N}avier--{S}tokes equations",
  series =      "Lecture Notes in Computer Science",
  number =         "2667",
  booktitle=    "Computational Science and its Applications, ICCSA 2003",
  editor=      "V. Kumar and M.L. Gavrilova and C.J.K. Tan and P. L'Ecuyer",
  year =         "2003",
  publisher=       "Springer",
  pages =        "809--817",
}
@Article{Fishelov-BenArtzi-Croisille-2,
  author =       "D. Fishelov and M. Ben-Artzi and J-P. Croisille",
  title =        "Recent advances in the study of a fourth-order
                 compact scheme for the one-dimensional biharmonic equation",
  journal =      "J. Sci. Comput.",
  volume =       "53",
  number =       "1",
  year =         "2012",
  pages =        "55--79",
}
@Book{Fletcher,
  author =       " C. A. J. Fletcher",
  title =        "Computational techniques for Fluid Dynamics, vol I, II",
  edition =      "2cd",
  series =       "Springer Series in Computational Physics",
  publisher =    "Springer",
  year =         "1991",
}
@Article{Flyer-Fornberg,
  author =       "N. Flyer and B. Fornberg",
  title =        "Radial Basis functions: developments and applications to planetary scale flows",
  journal =      "Comput. Fluids",
  volume =       "46",
  year =         "2011",
  pages =        "23--32",
}
@Article{Forestier1,
 author =       "N. Forestier and L. Jacquin and P. Geffroy",
 title =        "The
Mixing Layer over a Deep Cavity at High-subsonic speed",
 journal =      "J. Fluid Mech.",
 volume =       "475",
 year =         "2003",
 pages =        "101--145",
}
@Article{Fornberg-Lehto,
  author =	 "B. Fornberg and E. Lehto",
  title =	 "Stabilization of {RBF}-generated finite difference methods
for convective PDEs",
  journal =	 "J. Comp. Phys.",
  volume =	 "230",
  year =	 "2011",
  pages =	 "2270--2285",
}
@article{Fornberg-Martel,
  title={On spherical harmonics based numerical quadrature over the surface of a sphere},
  author={B. Fornberg and J.M. Martel},
  journal={Advances in Computational Mathematics},
  volume={40},
  number={5-6},
  pages={1169--1184},
  year={2014},
  publisher={Springer}
}
@Article{Fornberg-Merrill,
  author =       "B. Fornberg and D. Merrill",
  title =        "Comparison of finite difference and pseudospectral methods
fpor convective flow over the sphere",
  journal =      "Geophys. Res. Lett.",
  volume =       "24",
  number =       "24", 
  year =         "1997",
  pages =        "3245-3248",
}
@Book{Forsythe-Wasow,
  author =       " G.E. Forsythe and W.R. Wasow",
  title =        "{F}inite {D}ifference {M}ethods for {P}artial {D}ifferential
                  {E}quations",
  edition =      "6th",
  publisher =    "John Wiley \& Sons",
  series =        "Applied Mathematics Series",
  year =         "1960",
}
@Article{Fortin-Jardak-Gervais-Pierre,
  author =	 "A. Fortin and M. Jardak and J-J. Gervais and R. Pierre",
  title =	 "Localization of {H}opf bifurcations in fluid flow problems",
  journal =	 "Int. J. Numer. Meth. Fluids",
  volume =	 "24",
  year =	 "1997",
  pages =	 "1185--1210",
}
@Article{Fortin-Soulie,
  author =       "M. Fortin and M. Soulie",
  title =        "A non-conforming piecewise quadratic finite element on triangles",
  journal =      "Int. J. Numer. meth. Eng.",
  volume =       "19",
  year =         "1983",
  pages =        "505--520"
}
@Article{Fournier,
  author =	 " A. Fournier",
  title =	 "Exact calculation of {F}ourier series in nonconforming
                  spectral-element methods",
  journal =	 "J. Comput. Phys.",
  volume =	 "215",
  year =	 "2006",
  pages =	 "1-5",
}
@Article{Fragile-Lindner-Aninos-Salmonson,
  author =       "P.C. Fragile and C.C. Lindner and P. Anninos and J.D. Salmonson",
  title =        "Application of the Cubed-Sphere Grid to Tilted Black-Hole Accretion Disks",
  journal =      "Astrophysical Journal",
  volume =       "691",
  year =         "2009",
  pages =        "482",
}

@article{Franzelli-Riber-Gicquel-Poinsot,
	Author = {B. Franzelli and E. Riber and L.Y.M. Gicquel and T. Poinsot},
	Date-Added = {2013-03-22 13:14:20 +0000},
	Date-Modified = {2013-03-22 13:18:35 +0000},
	Journal = {Combustion and Flame},
	Pages = {621-637},
	Title = {Large Eddy Simulation of combustion instabilities in a lean partially premixed swirled flame},
	Volume = {159},
	Year = {2012}
	}

@Article{Friedlander-Pavlovic-Shvydkoy,
  author =       "S. Friedlander and N. Pavlovi\'c and R. Shvydkoy",
  title =        "Nonlinear instability for the {N}avier--{S}tokes equations",
  journal =      "Comm. Math. Phys.",
  volume =       "264",
  year =         "2006",
  pages =        "335--347",
}
@Book{Friedman,
  author =       " A. Friedman",
  title =        "Partial Differential Equations of Parabolic
                  Type",
  edition =      "",
  publisher =    " Prentice-Hall",
  year =         "1964",
}
@Article{Funaro,
  author =       "D. Funaro",
  title =        "A note on second order finite-difference
schems on uniform meshes for advection-diffusion equations",
  journal =      "Numer. Meth. Part. Diff. Eqs ",
  volume =       "15",
  year =         "1999",
  pages =        "581--588",
}
@Article{Gaitonde-Shang-Young,
  author =       "D.V. Gaitonde and J.S. Shang and J.L. Young",
  title =        "Practical aspects of higher-order numerical schemes for wave propagation phenomena",
  journal =      "Int. J. Numer. Meth. Eng.",
  volume =       "45",
  year =         "1999",
  pages =        "1849-1869",
}
@Article{Galewski-Scott-Polvani,
  author =	 "J. Galewski and R.K. Scott and L.M. Polvani",
  title =	 "An initial-value problem for testing numerical
models of the global shallow water equations",
  journal =	 "Tellus",
  volume =	 "56",
  year =	 "2004",
  pages =	 "429--440",
}
@Article{Gallagher-Gallay,
  author =       "I. Gallagher and T. Gallay",
  title =        "Uniqueness
                   for the two-dimensional {N}avier--{S}tokes equation  with a measure as initial vorticity",
  journal =      "Math. Ann.",
  volume =       "332",
  year =         "2005",
  pages =        "287--327",
}
@Article{Gallagher-Gallay-Lions,
  author =       "I. Gallagher and T. Gallay and P-L. Lions",
  title =        "On the uniqueness of the solution of the two-dimensional {N}avier--{S}tokes
                  equation with a {D}irac mass as initial vorticity",
  journal =      "Math. Nachr.",
  volume =       "278",
  year =         "2005",
  pages =        "1665--1672",
}
@Article{Gallagher-Planchon,
  author =       "I. Gallagher and F. Planchon",
  title =        "On global infinite energy solutions to the
                 {N}avier--{S}tokes  equations in two dimensions",
  journal =      " Arch. Rat. Mech. Anal.",
  volume =       "161",
  year =         "2002",
  pages =        "307--337",
}
@Article{Gallay-Wayne,
  author =       "T. Gallay and C. E. Wayne",
  title =        " Invariant
                   manifolds and the long-time asymptotics of the {N}avier--{S}tokes and
                   vorticity equations on $ \mathbf{R^2}$",
  journal =      "Arch. Rat. Mech. Anal.",
  volume =       "163",
  year =         "2002",
  pages =        "209--258",
}
@Article{Gallay-Wayne-2,
  author =       "T. Gallay and C. E. Wayne",
  title =        "Global stability of vortex solutions of the
                  two-dimensional
                 {N}avier--{S}tokes equation",               
  journal =      "Comm. Math. Phys.",
  volume =       "255",
  year =         "2005",
  pages =        "97--129",
}
@Article{Gerard-Grellier,
  author =       "P. G\'erard, S. Grellier",
  title =        "The cubic {S}zeg{\"o} equation",  
  journal =      "Preprint 2009",
  volume =       "",
  year =         "",
  pages =        "",
}
@Article{Gerlinger,
  author =       "P. Gerlinger",
  title =        "Multi-dimensional limiting for high-order
schemes including turbulence and combustion",
  journal =      "J. Comput. Phys",
  volume =       "231",
  year =         "2012",
  pages =        "2199--2228",
}

@Article{Germain,
  author =       "P. Germain",
  title =        "Equations de {N}avier--{S}tokes en deux dimensions:
                  existence et comportement asymptotique 
                  de solutions d'{\'e}nergie infinie",
  journal =      "Bull. Sci. Math.",
  volume =       "130",
  year =         "2006",
  pages =        "123--151",
}
@Article{Ghader-Nordstrom,
  author =	 "S. Ghader and  J. Nordstr{\"{o}}m",
  title =	 "High-order compact finite difference schemes for the
                  vorticity-divergence representation of the spherical
                  shallow water equations",
  journal =	 "Int. J. Numer. Meth. Fluids",
  volume =	 "78",
  year =	 "2015",
  pages =	 "709--738",
}
@Article{Ghia-Ghia-Shin,
  author =       "U. Ghia and K. N. Ghia and C. T. Shin",
  title =        "High-{R}e solutions for incompressible flow
                 using the {N}avier--{S}tokes equations
                 and a multigrid method",
  journal =      "J. Comput. Phys.",
  volume =       "48",
  year =         "1982",
  pages =        "387--411",
}

@Book{Giga-Giga-Saal,
  author =       "M-H. Giga and Y. Giga and J. Saal",
  title =        "Nonlinear {P}artial {D}ifferential {E}quations: {A}symptotic {B}ehavior of {S}olutions and {S}elf-{S}imilar Solutions",
  publisher =    "Birkh{\"a}user Verlag",
  year =         "2010",
}

@Article{Giga-Kambe,
  author =       "Y. Giga and T. Kambe",
  title =        "Large time behavior of
                  the vorticity of two-dimensional viscous flow and its
                  application
                  to vortex formation",
  journal =      "Comm. Math. Phys.",
  volume =       "117",
  year =         "1988",
  pages =        "549--568",
}
@Article{Giga-Miyakawa-Osada,
  author =       "Y. Giga and T. Miyakawa and H. Osada",
  title =        " Two-dimensional {N}avier--{S}tokes flow with measures as initial vorticity",
  journal =      "Arch. Rat. Mech. Anal.",
  volume =       "104",
  year =         "1988",
  pages =        "223--250",
}
@unpublished {Girault,
    AUTHOR = {Girault, V.},
     TITLE = {Probl\`emes variationnels et m\'ethodes d'\'elements finis},
      NOTE = {Notes de cours de DEA, Universit\'e Paris 6},
      YEAR = {Academic year 1994-1995},
   }
@Book{Girault-Raviart,
  author =       "V. Girault and P.A. Raviart",
  title =        "{F}inite {E}lement {A}pproximation of the {N}avier--{S}tokes {E}quation",
  edition =      "3rd",
  publisher =    "Springer",
  year =         "1979",
  series =        "Lect. Notes Math.",
  volume =        "749"
}
@Book{Girault-Raviart-2,
  author =       "V. Girault and P.A. Raviart",
  title =        "{F}inite {E}lement methods for {N}avier--{S}tokes {E}quation: {T}heory and {A}lgorithms",
  publisher =    "Springer",
  year =         "1986",
  number=        "5",
  series =        "{\it Springer Series in Computational Mathematics}",
}
@Article{Glowinski,
  author =       "T. W. Pan and R. Glowinski",
  title =        "A projection/wave-like equation method for the numerical
                 simulation of incompressible viscous fluid  flow
                 modeled by the {N}avier--{S}tokes equations",
  journal =      "Comput. Fluid Dynamics",
  volume =       "9",
  year =         "2000",
  pages=         "28--42",
}
@article{Glowinski-Pan-Periaux,
  author =       "R. Glowinski and T.W. Pan and J. Periaux",
  title =        "Fictitious Domain Methods for Incompressible 
                  Viscous Flow around Moving Rigid Bodies",
  journal = "Proc. of Conf. MAFELAP",
  year = "1996",
  number=""
}
@Unpublished{Glowinski2,
  author =       "R. Glowinski",
  note =         "personal communication",
}
@Article{Goda,
  author =       "K. Goda",
  title =        "A multistep technique with implicit difference schemes for calculating
                  two- or three-dimensional cavity flows",
  journal =      "J. Comput. Phys.",
  volume =       "30",
  year =         "1979",
  pages =        "76--95",
}
@Book{Godlewski1,
  author =       "E. Godlewski and P-A. Raviart",
  title =        "Numerical
Approximation of Hyperbolic Systems of Conservation Laws",
  publisher =    "Springer-Verlag",
  year =         "Berlin 2002",
}
@Article{Godunov1,
  author =       "S.K. Godunov",
  title =        "Finite difference method for the
numerical computation of discontinuous solutions of the equations
of fluid dynamics",
  journal =      "Math Sbornik",
  volume =       "47",
  year =         "1959",
  pages =        "271--306",
}
@Article{Golub-Huang-Simon-Tang,
  author =     "G.H. Golub and L.C. Huang and H. Simon and W-P. Tang",
  title=      "A fast {P}oisson solver for the finite difference solution of the incompressible {N}avier--{S}tokes equations",
  journal =      "SIAM J. Sci. Comput.",
  volume =       "19",
  year =         "1998",
  pages =        "1606--1624",
}
@book{Golub-VanLoan,
    AUTHOR = {G.H. Golub and C.F. {Van Loan}},
     TITLE = {Matrix {C}omputations},
 PUBLISHER = {John Hopkins University Press},
   ADDRESS = {},
      YEAR = {1996},
   EDITION=  {3-rd},
    NUMBER = {},
     PAGES = {--},
}
@Techreport{Goodrich,
  author =       "J.W. Goodrich",
  title =        "An unsteady time-asymptotic flow in the square driven cavity",
  institution =   "NASA",
  year =         "1990",
  number =        "Tech. Mem. 103141",
}
@Article{Goodrich-Gustafson-Halasi,
  author =       "J.W. Goodrich and K. Gustafson and K. Halasi",
  title =        "{H}opf bifurcation in the driven cavity",
  journal =      "J. Comput. Phys.",
  volume =       "90",
  year =         "1990",
  pages =        "219--261",
}
@Article{Goodrich-Soh,
  author =       "J.W. Goodrich and W. Y. Soh",
  title =        "Time-dependent viscous incompressible {N}avier--{S}tokes equations: The finite difference {G}alerkin formulation and streamfunction algorithms",
  journal =      "J. Comput. Phys.",
  volume =       "84",
  year =         "1989",
  pages =        "207--241",
}
@book{Gottlieb-Ketcheson-Shu,
  author =       "S. Gottlieb and D. Ketcheson and C.W. Shu",
  title =        "Strong stability-preserving {R}unge-{K}utta and multistep time discretizations",
  publisher =      "World Scientific",
  year =         "2011",
}
@book{Gottlieb-Orszag,
    AUTHOR = {D. Gottlieb and S.A.  Orszag},
     TITLE = {Numerical Analysis of Spectral Methods: Theory and Applications},
 PUBLISHER = {SIAM},
   ADDRESS = {},
      YEAR = {1977},
    NUMBER = {},
     PAGES = {--},
}
@Article{Gottlieb-Shu-Tadmor,
  author =       "S. Gottlieb and C.W. Shu and  E. Tadmor",
  title =        "Strong stability-preserving high-order time discretization methods",
  journal =      "SIAM Review",
  volume =       "43",
  year =         "2001",
  pages =        "89--112",
}
@Article{Grasedyck-1,
  author =       "L. Grasedyck",
  title =        "Existence and Computation of Low {K}ronecker-{R}ank Approximations
                  for Large Linear Systems of Tensor Product Structure",
  journal =      "Computing",
  volume =       "72",
  year =         "2004",
  pages =        "247-265",
}
@Article{Greengard-Lee,
  author =       "L. Greengard and J-Y. Lee",
  title =        "Accelerating the Nonuniform {F}ast {F}ourier {T}ransform",
  journal =      "SIAM review",
  volume =       "46",
  year =         "2004",
  pages =        "443--454",
}

@phdthesis {Greff-1,
    AUTHOR = {Greff, I.},
     TITLE = {Sch\'emas bo\^{\i}te: Etude th\'eorique et num\'erique},
    SCHOOL = {Universit\'e de Metz, France},
     PSURL = {http://personal-homepages.mis.mpg.de/greff/publications.html/greff.ps.gz},
      YEAR = {2003},
}


@article {Greff-2,
    AUTHOR = {Greff, I.},
     TITLE = {Nonconforming box-schemes for elliptic problems
 on rectangular grids},
          YEAR = {Preprint MPI, Leipzig, 2005},
     
}

@article {Greff-3,
    AUTHOR = {Greff, I.},
     TITLE = {Q$_{\curl,0}^1$ nonconforming Box-scheme and evaluation of the Raviart-Thomas flux on rectangular grids},
          YEAR = {2005},
}
@Article{Greff-5,
  author =       "I. Greff",
  title =        "Box-schemes on rectangular grids",
  journal =      "",
  volume =       " ",
  year =         "",
  pages =        "",
}
@inproceedings{Greff-6,
    AUTHOR = {Greff, I.},
     TITLE = {Some box-schemes for elliptic problems on rectangular meshes},
 BOOKTITLE = {Proceeding LUXFEM03},
     MONTH = {November, 13--14,},
      YEAR = {2003},
   ADDRESS = {Luxembourg},
}
@Article{Gresho,
  author =       "P. M. Gresho and S. T. Chan",
  title =        "On the theory of semi-implicit projection methods for
                 viscous incompressible flow and its implementation via
                 a finite element method that also introduces a nearly
                 consistent mass matrix, Parts {I}-{II}",
  journal =      "Int. J. Numer. Meth. in Fluids",
  volume =       "11",
  year =         "1990",
  pages =        "587--659",
}
@Book{Gresho-Sani,
  author =       "P. M. Gresho and R. L. Sani",
  title =        "Incompressible {F}low and the {F}inite {E}lement {M}ethod: {V}ol. 2, {I}sothermal {L}aminar {F}low",
  edition =      "",
  publisher =    "Wiley",
  year =         "2000",
}
@Article{Gresho2,
  author =       "P. M. Gresho",
  title =        "Incompressible {F}luid {D}ynamics: {S}ome {F}undamental
                 {F}ormulation {I}ssues",
  journal =      "Annu. Rev. Fluid Mech.",
  volume =       "23",
  year =         "1991",
  pages =        "413--453",
}
@Article{Guermond-Migeon-Pineau-Quartapelle,
 author =       "J-L. Guermond and C. Migeon and G. Pineau and L. Quartapelle",
 title =        "Start-up flows in a three-dimensional rectangular driven cavity of aspect
                 ratio 1:1:2 at {R}e=1000",
 journal =      "J. Fluid Mech.",
 volume =       "450",
 year =         "2002",
 pages =        "169--199",
}
@Book{Gunzburger,
  author =       "M. D. Gunzburger",
  title =        "Finite {E}lement {M}ethods for {V}iscous {I}ncompressible {F}lows: A {G}uide to {T}heory, {P}ractice
and {A}lgorithms",
  edition =      "",
  publisher =    "Academic Press",
  year =         "1989",
}
@Article{Gupta,
  author =	 "M.M. Gupta",
  title =	 "High accuracy solutions of incompressible {N}avier--{S}tokes equations",
  journal =	 "J. Comput. Phys.",
  volume =	 "93",
  year =	 "1991",
  pages =	 "343--359",
}
@Article{Gupta-2,
  author =       "M. M. Gupta",
  title =        "Direct {S}olution of the {B}iharmonic {E}quation using Noncoupled approach",
  journal =      "J. Comput. Phys.",
  volume =       "33",
  year =         "1979",
  pages =        "236--248",
}
@Article{Gupta-Kalita,
  author =       "M. M. Gupta and J. C. Kalita",
  title =        "A new paradigm for solving
	          {N}avier--{S}tokes equations: streamfunction-velocity formulation",
  journal =      "J. Comput. Phys.",
  volume =       "207",
  year =         "2005",
  pages =        "52--68",
}
@Article{Gupta-Kouatchou-Zhang,
  author =       "M. M. Gupta and J.  Kouatchaou and J. Zhang",
  title =        "Comparison of second order and fourth order
                  scheme discretizations for multigrid {P}oisson solver",
  journal =      "J. Comput. Phys.",
  volume =       "132",
  year =         "1997",
  pages =        "226--232",
}
@Conference{Michalak-OllivierGooch,
  Title                    = {Unstructured High-Order Accurate Finite-Volume Solutions of the {N}avier-{S}tokes Equations},
  Author                   = {C. Michalak and C. Ollivier-Gooch},
  Booktitle                = {AIAA},
  Year                     = {2009},
  Address                  = {Orlando Florida},
  Month                    = {January},
  Series                   ={AIAA},
  Number                   = {2009-954},
  Organization             = {AIAA},
  Pages                    = {1--13},
  Owner                    = {fhaider},
  Timestamp                = {2009.01.26}
}
@Article{Gupta-Manohar-Stephenson,
  author =       "M. M. Gupta and  R.P.Manohar and J.W.Stephenson",
  title =        "Single cell high order scheme for the
	          convection-diffusion equation with variable coefficients",
  journal =      "Int. J. Numer. Meth. Fluids",
  volume =       "4",
  year =         "1984",
  pages =        "641--651",
}
@Book{Gustafson,
  author =       "K. E. Gustafson and J. A. Sethian (Eds.)",
  title =        "Vortex Methods and Vortex Motion",
  publisher =    "SIAM",
  year =         "1991",
}
@Article{Gustafson-2,
  author =       "K. Gustafson",
  title =        "Theory and Computation of Periodic Solutions
                 of Autonomous Partial Differential Equation
                 Boundary Value Problems, with Application
                 to the Driven Cavity Problem",
  journal =      "Math. Comput. Modelling",
  volume =       "22",
  year =         "1995",
  pages =        "57--75",
}
@article{Gustafson-Halasi,
 author = {K. Gustafson and K. Halasi},
 title = {Cavity flow dynamics at higher reynolds number and higher aspect ratio},
 journal = {J. Comput. Phys.},
 volume = {70},
 year = {1987},
 issn = {0021-9991},
 pages = {271--283},
 doi = {http://dx.doi.org/10.1016/0021-9991(87)90182-3},
 publisher = {Academic Press Professional, Inc.},
 address = {San Diego, CA, USA},
}
@Book{Gustafsson-4,
  author =       "B. Gustafsson",
  title =        "High Order Difference Methods for Time Dependent PDE",
  collection =   "Springer Series in Comp. Math",
  publisher =    "Springer-Verlag",
  year =         "2008"
}
@Article{Gustafsson-5,
  author =       "B. Gustafsson",
  title =        "The convergence rate for difference approximations
                  to mixed initial boundary value prolems",
  journal =      "Math. of Comput.",
  volume =       "29",
  year =         "1975",
  pages =        "396--406",
}

@Article{Gustafsson-6,
  author =       "B. Gustafsson",
  title =        "The convergence rate for difference approximations
                  to general mixed initial boundary value prolems",
  journal =      "SIAM J. Numer. Anal.",
  volume =       "18",
  year =         "1981",
  pages =        "179--190"
}

@Book{Gustafsson-Kreiss-Oliger,
  author =       "B. Gustafsson and H.O. Kreiss and J. Oliger",
  title =        "Time Dependent Problems and Difference Methods",
  publisher =    "John Wiley and Sons, Inc.",
  year =         "1995"
}

@Article{Hackbusch,
  author =       "W. Hackbusch",
  title =        "On first and second order box schemes",
  journal =      "Computing",
  volume =       "41",
  year =         "1989",
  pages =        "277--296",
}

@Article{Hackbusch-1,
  author =       "W. Hackbusch",
  title =        "A sparse matrix arithmetic based on {\cal H} matrices. Part I: Introduction to
{\cal H} matrices",
  journal =      "Computing",
  volume =       "62",
  year =         "1999",
  pages =        "89--108",
}

@Book{Hackbusch-2,
  author=       "W. Hackbusch",
  title =       "{E}lliptic {D}ifferential {E}quations: Theory and {N}umerical {T}reatment",
  series=        "Springer Series in Computational Mathematics",
  volume=        "15",
  publisher =    "Springer-Verlag",
  year =         "1992",
}

@Article{Hackbusch-Khoromskij-Tyrtyshnikov,
  author =       "W. Hackbusch and B.N. Khoromskij and E.E. Tyrtyshnikov",
  title =        "Hierarchical {K}ronecker tensor-product approximations",
  journal =      "J. Numer. Math",
  volume =       "13",
  year =         "2005",
  pages =        "119--156",
}


@Phdthesis{Haider-1,
  author =	 "F. Haider",
  title =	 "Discr\'etisation en maillage non
                  structur\'e g\'en\'eral - Applications \`a la LES (in french)",
  school =	 "Univ. Paris 6 et Onera (the french aerospace lab)",
  year =	 "2009",
}
@unpublished{Haider-2,
  author =	 "F. Haider",
  title =	 "High order approximation on unstructured grids: {T}heory and implementation",
  note=       "Preprint",
  year =	 "2012",
}

@Article{Haider-Bertier-Courbet-Vuillot-Croisille,
  author =	 " F. Haider and N. Bertier and B. Courbet and F. Vuillot and J-P. Croisille",
  title =	 "Application of a high order finite volume scheme on unstructured grids to fluid dynamics and aerothermochemistry",
  journal =	 "submitted",
  year =	 "Jan 2015",
  pages =	 "",
}


@inproceedings{Haider-Brenner-Courbet-Croisille,
  author = "F. Haider and P. Brenner and B. Courbet and J-P. Croisille",
  title =  "Efficient implementation of high order reconstruction
in finite volume methods",
  organization = "6th FVCAA",
  year="2011",
  booktitle= " Finite Volumes for Complex Applications VI, Problems and Perspectives",
  editor =    "J. Fo{\v{r}}t and J. F{\"{u}}rst and J. Halama and R. Herbin and F. Hubert",
  publisher=    "Springer",
  collection= "Springer Proceedings in Mathematics 4",
  pages=      "553--562",
}

@inproceedings{Haider-Brenner-Courbet-Croisille-2,
  author = "F. Haider and P. Brenner and B. Courbet and J-P. Croisille",
  title =  "Parallel implementation of 
$k$-exact Finite Volume Reconstruction on Unstructured Grids",
  booktitle =    "High Order Nonlinear numerical schemes for evolutionary PDEs",
  series  =	 "Lect. Notes Comp. Sci. and Eng.",
  editor=        "R. Abgrall and H. Beaugendre and P.M. Congedo and C. Dobrzynski and V. Perrier and M. Ricchiuto",
  year=   "2014",
  collection="Lect. Notes Comp. Sci. Eng",
  number="99",
  publisher=    "Springer",
  pages="59--75",
}
@inproceedings{Haider-Brenner-Courbet-Croisille-3,
  author = "F. Haider and P. Brenner and B. Courbet and J-P. Croisille",
  title =  "Application of Efficient parallel k-exact finite volume recontruction on unstructured grids",
  organization = "ECCOMAS- ECFD VI",
  year="2014",
  booktitle= "",
  editor =    " ",
  publisher=    "",
  collection= " ",
  pages=      " ",
}
@Techreport{Haider-Courbet-Croisille,
  author =       "F. Haider and B. Courbet and J-P. Croisille",
  title =        "Stabilit\'e du sch\'ema volumes finis {MUSCL} sur maillage quelconque",
  institution =      "ONERA",
  year =         "2008",
  type=          "{R}apport {T}echnique",
  number =        "",
}
@Article{Haider-Courbet-Croisille-2,
  author =	 " F. Haider and B. Courbet and J-P. Croisille",
  title =	 "A cubic reconstruction algorithm for the cell-centered finite-volume {MUSCL} method: one-dimensional case",
  journal =	 "Preprint",
  year =	 "April 2015",
  pages =	 "",
}
@Article{Haider-Croisille-Courbet-1,
  author =	 " F. Haider and J-P. Croisille and B. Courbet",
  title =	 "Stability analysis of the cell centered finite-volume {MUSCL}
method on unstructured grids",
  journal =	 "Numerische Mathematik",
  volume =	 "113",
  year =	 "2009",
  pages =	 "555--600",
}
@inproceedings{Haider-Croisille-Courbet-2,
  author = "F. Haider and J-P. Croisille and B. Courbet",
  title =  "Stability of the {MUSCL} method on general unstructured grids for applications to compressible fluid flows",
  organization = "5th ICCFD",
  year="2009",
  booktitle= " Computational Fluid Dynamics 2008",
  publisher =    "Springer-Verlag",
  editor= " H. Choi, H.G. Choi, J.Y. Yoo",
  pages="255-260",
}
@Book{Hairer-Wanner,
  author =       " E. Hairer and G. Wanner",
  title =        "Solving Differential equations vol. I, II",
  edition =      "",
  publisher =    "Springer-Verlag",
  series = " Springer Series in Comp. Mathematics",
  year =         "",
}
@Book{Hammerlin-Hoffmann,
  author =       "G. H{\"a}mmerlin and K-H. Hoffmann",
  title =        "{N}umerical {M}athematics",
  publisher =    "Springer-Verlag",
  year =         "1991",
}
@article {Hansbo,
    AUTHOR = {Hansbo, P.},
     TITLE = {A new approach to quadrature for finite elements 
             incorporating
              hourglass control as a special case},
   JOURNAL = {Comput. Methods Appl. Mech. Engrg.},
  FJOURNAL = {Computer Methods in Applied Mechanics and Engineering},
    VOLUME = {158},
      YEAR = {1998},
    NUMBER = {3-4},
     PAGES = {301--309},
      ISSN = {0045-7825},
     CODEN = {CMMECC},
   MRCLASS = {73V05},
  MRNUMBER = {MR1631044 (99b:73040)},
}
@Article{Harari-Franca-Oliveira,
  author =       "I. Harari and L.P. Franca and S.P. Oliveira",
  title =        "Streamline design of stability parameters for advection-diffusion problems",
  journal =      "J. Comput. Phys",
  volume =       "171",
  year =         "2001",
  pages =        "115--131",
}
@Article{Harari-Turkel,
  author =       "I. Harari and E. Turkel",
  title =        "Accurate Finite Difference Methods for Time-Harmonic Wave Propagation",
  journal =      "J. Comput. Phys",
  volume =       "119",
  year =         "1995",
  pages =        "252--270",
}
@Article{Harten,
  author =	 " A. Harten",
  title =	 " Multiresolution algorithms for the numerical solution of {H}yperbolic {C}onservation {L}aws",
  journal =	 " Comm. Pure Appl. Math",
  volume =	 "48",
  year =	 "1995",
  pages =	 "1305-1342",
}
@Article{Harten-2,
  author =	 " A. Harten",
  title =	 "{ENO} {S}chemes with subcell resolution",
  journal =	 "J. Comput. Phys",
  volume =	 "83",
  year =	 "1989",
  pages =	 "148-184",
}
@Article{Harten-Engquist-Osher-Chakravarthy,
  author =	 "A. Harten and B. Engquist and S. Osher and S. Chakravarthy",
  title =	 " Uniformly high order accurate essentially
non-oscillatory shock-capturing schemes {III}",
  journal =	 "Math. of Comp.",
  volume =	 "71",
  year =	 "1987",
  pages =	 "231--323",
}
@Book{Harville,
  author =       " D.A. Harville",
  title =        "Matrix algebra from a statistician perspective",
  edition =      "",
  publisher =    "Springer",
  year =         "2008",
}
@Article{Hedstrom,
  author =       "G.W. Hedstrom",
  title =        "Models of difference schmes
for $u_t+u_x=0$ by partial differential equations",
  journal =      "Math. of Comp.",
  volume =       "29",
  year =         "1975",
  pages =        "969--977",
}
@Book{Heinrich,
  author =       "B. Heinrich",
  title =        "{F}inite {D}ifference methods on {I}rregular {N}etworks",
  series =       "Int. Series Numer. Math.",
  volume =       "82",
  edition =      "3-rd",
  publisher =    "Birkh{\"a}user",
  year =         "1987",
}
@Article{Henniger-Obrist-Kleiser,
  author =	 "R. Henniger and D. Obrist and L. Kleiser",
  title =	 "High-order accurate solution of the incompressible {N}avier--{S}tokes 
                  equations on massively parallel computers",
  journal =	 "J. Comp. Phys.",
  volume =	 "229",
  year =	 "2010",
  pages =	 "3543--3572",
}
@Article{Henshaw,
  author =	 "W.D. Henshaw",
  title =	 "A fourth-order accurate method for the incompressible {N}avier--{S}tokes equations on
                  overllapping grids",
  journal =	 "J. Comp. Phys.",
  volume =	 "113",
  year =	 "1994",
  pages =	 "13--25",
}
@Article{Henshaw-Kreiss-Reyna,
  author =	 "W.D. Henshaw and H.O. Kreiss and L.G.M. Reyna",
  title =	 " A fourth-order accurate difference approximation for the incompressible {N}avier--{S}tokes equations",
  journal =	 "Comput. Fluids",
  volume =	 "23",
  year =	 "1994",
  pages =	 "575--593",
}
@incollection{Hesse-Sloan-Womersley,
  author      = "K. Hesse and I.H. Sloan and R. S. Womersley",
  title       = "Chap. 40: Numerical {I}ntegration on the {S}phere",
  editor      = "W. Freeden and M. Z. Nashed and T. Sonar",
  booktitle   = "Handbook of Geomathematics",
  publisher   = "Springer",
  address     = "",
  year        =  2010,
}
@book{Hesthaven-Gottlieb-Gottlieb,
 AUTHOR =        {J.S. Hesthaven and S. Gottlieb and D. Gottlieb},
 TITLE =         {Spectral Methods for Time-Dependent Problems},
 PUBLISHER =      {Cambridge University Press},
 SERIES=          {Cambridge Monographs on Applied and Computational Mathematics},
 VOLUME=          {21},
 YEAR =           {2007},
}
@Book{Hesthaven-Waburton,
  author =       "J. S. Hesthaven and T. Waburton",
  title =        "Nodal Discontinuous Galerkin Methods: Algorithms, Analysis and Applications",
  series =   "Texts in Applied Mathematics",
  publisher =    "Springer-Verlag",
  number=    "54",
  year =         "2008",
}

@Book{Higham,
  author =       "N. Higham",
  title =        "Functions of matrices",
  edition =      "",
  publisher =    "SIAM",
  year =         "2008",
}
@Article{Hiptmair,
  author =	 "Hiptmair",
  title =	 "",
  journal =	 "",
  volume =	 "",
  year =	 "",
  pages =	 "",
}
@Article{Hiptmair-2,
  author =       "R. Hiptmair",
  title =        "Nonconforming mixed discretization of second order elliptic problems",
  journal =      "Preprint Technische Universit$\ddot{a}$t M$\ddot{u}$nchen, Mathematisches Institut, M9404,",
  volume =       "",
  year =         "1994",
  pages =        "",
}
@inproceedings{Hirsch-1,
  author =        "F. Casier and H. Deconninck and C. Hirsch",
  title =         "A class of
central bidiagonal schemes with implicit boundary conditions for the 
solution of {E}uler's equations",
  year =         "1983",
  organization = "AIAA",
  note= " 83-0126",
}
@Book{Hirsch-Smale,
  author =       "M.W. Hirsch and S. Smale",
  title =        "Differential equations, dynamical systems and linear algebra",
  publisher =    "Academic Press",
  year =         "1974",
}
@book{Hirsch1,
    AUTHOR = {C. Hirsch},
     TITLE = {Numerical Computation of Internal
and External Flows,vol. 1 \& 2},
 PUBLISHER = {Wiley},
 SERIES={},
 NUMBER={},
   ADDRESS = {},
      YEAR = {1988},
}
@book{Hirsch2,
    AUTHOR = {C. Hirsch},
    TITLE = {Numerical Computation of Internal and External Flows},
    PUBLISHER = {Elsevier},
    SERIES={},
    EDITION={Second},
    NUMBER={},
    ADDRESS = {},
    YEAR = {2007},
}
@Article{Holden-Karlsen-Lie,
  author =       "S.L. Bryant",
  title =        " Operator splitting methods for degenerate convection-diffusion equations II: Numerical examples with emphasis on reservoir simulation and sedimentation",
  journal =      "Comput. Geosciences",
  volume =       "4",
  year =         "2000",
  pages =        "287--322",
}
@Book{Hormander,
  author =       " L. H{\"o}rmander",
  title =        "Lectures on Nonlinear Hyperbolic
                  Differential Equations",
  edition =      "4th",
  publisher =    "Springer-Verlag",
  year =         "1997",
}
@book{Horn-Johnson1,
    AUTHOR = {R.A. Horn and C.R. Johnson},
     TITLE = {Matrix Analysis},
 PUBLISHER = {Cambridge Univ. Press},
 SERIES={},
 NUMBER={},
   ADDRESS = {},
      YEAR = {1985}
}
@book{Horn-Johnson2,
    AUTHOR = {R.A. Horn and C.R. Johnson},
     TITLE = {Topics in Matrix Analysis},
 PUBLISHER = {Cambridge Univ. Press},
 SERIES={},
 NUMBER={},
   ADDRESS = {},
      YEAR = {1991},
}
@Article{Hou,
  author =       "T.Y. Hou and B.T.R. Wetton",
  title =        "Convergence of a finite difference scheme
                  for the {N}avier--{S}tokes equations using vorticity boundary
                  conditions stream function-only formulation",
  journal =      "SIAM J. Numer. Anal.",
  volume =       "29",
  year =         "1992",
  pages =        "615--639",
}
@Article{Hou-Wetton,
  author =       "T.Y. Hou and B.T.R. Wetton",
  title =        "Convergence of a finite difference scheme
                  for the {N}avier--{S}tokes equations using vorticity boundary
                  conditions stream function-only formulation",
  journal =      "SIAM J. Numer. Anal.",
  volume =       "29",
  year =         "1992",
  pages =        "615--639",
}
@Article{Hou-Wetton-2,
 author =       "T.Y. Hou and B.T.R. Wetton",
 title =        "Stable Fourth Order Stream-Function Methods for Incompressible
                Flows with Boundaries",
 journal =      "J. Comput. Math.",
 volume =       "27",
 year =         "2009",
 pages =        "441-458",
 note=          "",
}
@book{Household1,
    AUTHOR = {A.S. Householder},
     TITLE = {The Theory of Matrices
in Numerical Analysis},
 PUBLISHER = {Dover Publications},
 SERIES={},
 NUMBER={},
   ADDRESS = {New-York},
      YEAR = {1975},
}
@Article{Hu-Hussaini-Rasetarinera,
  author =       "F.Q. Hu and M.Y. Hussaini and P. Rasetarinera",
  title =        "An analysis of the discontinuous {G}alerkin method for wave propagation problems",
  journal =      "J. Comput. Phys.",
  volume =       "151",
  year =         "1999",
  pages =        "921-946",
}
@Article{Hubbard1,
  author =	 "M.E. Hubbard",
  title =	 "  Multidimensional Slope Limiters for
{MUSCL}-type Finite Volume Schemes on Unstructured Grids",
  journal =	 "J. Comput. Phys.",
  volume =	 "155",
  year =	 "1999",
  pages =	 "54--74",
}
@Article{Hughes-Franca-Mallet,
  author =       " T.J.R. Hughes and L. Franca and M. Mallet",
  title =        " A new finite element formulation for computational fluid dynamics: convergence 
analysis of the generalized SUPG formulations for linear 
time-dependent multidimensional advective-diffusive systems",
  journal =      "Comput. Meth. App. Mech. Eng.",
  volume =       "32",
  year =         "1987",
  pages =        "97--112",
}
@Techreport{Hulsen,
  author =       "M. A. Hulsen",
  title =        "The discontinuous {G}alerkin method with explicit {R}unge--{K}utta time integration for hyperbolic and parabolic systems with source terms",
  institution =  " Labo of Aero and Hydrodynamics, Delft",
  year =         "1992",
  number =       "MEMT 19",
}
@book{Hundsdorfer-Verwer,
AUTHOR =        {W. Hundsdorfer and J.G. Verwer},
TITLE =         {Numerical Solution of Time-Dependent Advection-Diffusion-Reaction Equations},
PUBLISHER =     {Springer},
SERIES    =     {Springer Series in Computational Mathematics},
YEAR =          {2010},
EDITION =       {2-nd},
VOLUME =        {33},
}
@Article{Hwang,
  author =       "R. R. Hwang and C-C. Yao",
  title =        "A numerical study of vortex shedding from
                  a square cylinder with ground effect",
  journal =      "J. Fluids Eng.",
  volume =       "119",
  year =         "1997",
  pages =        "512--518",
}
@Book{Iserles,
  author =       "A. Iserles",
  title =        "A First Course in the Numerical
Analysis of Differential Equations",
  edition =      "",
  publisher =    "Cambridge University Press",
  year =         "1996",
}
@Article{Iske-Sonar,
  author =	 "A. Iske and T. Sonar",
  title =	 " On the Structure of Function
Spaces in Optimal Recovery of Point Data for ENO-Schemes by Radial
Basis Functions",
  journal =	 "Numerische Mathematik",
  volume =	 "74",
  year =	 "1996",
  pages =	 "177--201",
}
@Article{Ito-Li-Kyei,
  author =       "K. Ito and Z. Li and Y. Kyei",
  title =        "Higher-order, Cartesian grid based finite difference
schemes for elliptic equations on irregular domains",
  journal =      "SIAM J. Sci. Comput.",
  volume =       "27",
  year =         "2005",
  pages =        "346--367",
}
@inproceedings{Ivan-DeSterck-Northrup-Groth,
  author = "L. Ivan and H. De Sterck and S. A. Northrup and C. P. T. Groth",
  title =  "Three-dimensional {MHD} on cubed-sphere
grids: {P}arallel solution-adaptive simulation framework",
  organization="AIAA",
  series="20th CFD Conf.",
  year = "2011",
  number="2011-3382",
}
@unpublished{Jablonowski-Lauritzen-Nair-Taylor,
  author =	 "C. Jablonowski and P. Lauritzen and R. D. Nair and M. Taylor",
  title =	 "Idealized test cases for the dynamical cores
of Atmospheric General Circulation Models",
  note = "A proposal for the {NCAR} {ASP} 2008 summer colloquium",
  year =	 "2008",
  pages =	 "1--74",
}
@Article{Jablonowski-Williamson,
  author =	 "C. Jablonowski and D. L. Williamson",
  title =	 "A baroclinic instability test case for atmospheric model dynamical cores",
  journal =	 "Quart. J. Roy. Meteor. Soc.",
  volume =	 "132",
  year =	 "2006",
  pages =	 "2943--2975",
}
@unpublished{Jaffre,
  author =       "W. Hundsdorder and J. Jaffre",
  title =        "Implicit-Explicit
Time Stepping with spatial discontinuous finite elements",
  note = "Preprint",
  year = " ",
}
@Article{Jameson,
  author =	 "A. Jameson",
  title =	 "A proof of the stability of the spectral difference method
for all orders of accuracy",
  journal =	 " J. Scient. Comput.",
  volume =	 "45",
  year =	 "2010",
  pages =	 "348--358",
}
@Article{Jameson-2,
  author =	 "A. Jameson",
  title =	 "The origin and further development of the 
Jameson-Schmidt-Turkel (JST) scheme",
  journal =	 " 33rd AIAA Applied Aerodynamics Conference",
  volume =	 "",
  year =	 "2015",
  pages =	 "1--41",
}
@inproceedings{Jameson-Schmidt-Turkel,
  author = "A. Jamesonnd W. Schmidt and E. Turkel",
  title =  " Numerical Solution of the Euler Equations by Finite Volume Methods
Using Runge-Kutta Time-Stepping
Schemes",
  organization = "AIAA",
  year = "1891",
  series ="AIAA",
  number="1981-1259",
  pages="1--17"
}
@Article{Jiang-Shu,
  author =	 "G. Jiang and C.W. Shu",
  title =	 " Efficient implementation of
weighted {ENO} schemes",
  journal =	 "J. Comput. Phys.",
  volume =	 "126",
  year =	 "1996",
  pages =	 "202--228",
}
@Article{Jocksch-1,
  author =	 " A. Jocksch and N.A. Adams and L. Kleiser",
  title =	 "An asymptotically stable compact upwind-biased finite-difference scheme
for hyperbolic problems",
  journal =	 "J. Comput. Phys.",
  volume =	 "208",
  year =	 "2005",
  pages =	 "435--454",
}

@Book{John,
  author =       "F. John",
  title =        "Partial {D}ifferential {E}quations",
  series=        "Applied Mathematical Sciences",
  volume=        "1",
  edition =      "4th",
  publisher =    "Springer",
  year =         "1982",
}
@Book{Johnson,
  author =       "C. Johnson",
  title =        " Numerical solutions of partial differental equations by the finite element method",
  publisher =    "Cambridge University Press",
  year =         "1987",
}
@Article{Johnson-Navert-Pikaranta,
  author =       " C. Johnson and U. N{\"a}vert and J. Pit{k\"a}ranta",
  title =        "  Finite element methods for linear hyperbolic problems",
  journal =      " Comp. Meth. App. Mech. Eng",
  volume =       "45",
  year =         "1984",
  pages =        "285--312",
}
@Article{Johnson-Saranen,
  author =       " C. Johnson and J. Saranen",
  title =        "  Streamline diffusion methods for the incompressible {E}uler and {N}avier--{S}tokes equations",
  journal =      " Comp. Meth. App. Mech. Eng",
  volume =       "47",
  year =         "1986",
  pages =        "1--18",
}
@Article{Johnson-Schatz-Wahlbin,
  author =       " C. Johnson and A.H. Schatz and L.B. Wahlbin",
  title =        " Crosswind smear and pointwise errors in the streamline diffusion finite element method",
  journal =      "Math. Comput.",
  volume =       "49",
  year =         "1987",
  pages =        "25--38",
}
@Article{Johnston-Krasny,
  author =	 "H. Johnston and R. Krasny",
  title =	 "Fourth-order finite difference simulation of a differentially heated cavity",
  journal =	 "Int. J. Numer. Meth. Fluids",
  volume =	 "40",
  year =	 "2002",
  pages =	 "1031--1037",
}
@Article{Jomaa-Macaskill-1,
  author =	 " Z. Jomaa and C. Macaskill",
  title =	 "The embedded finite difference method for the
                  {P}oisson equation in a domain with an irregular boundary
                  and {D}irichlet boundary conditions",
  journal =	 "J. Comput. Phys.",
  volume =	 "202",
  year =	 "2005",
  pages =	 "488--506",
}
@Article{Jomaa-Macaskill-2,
  author =	 " Z. Jomaa and C. Macaskill",
  title =	 "The {S}hortley-{W}eller embedded finite-difference method for the 3D
                  {P}oisson equation with mixed boundary conditions",
  journal =	 "J. Comput. Phys.",
  volume =	 "229",
  year =	 "2010",
  pages =	 "3675--3690",
}
@Book{Jones,
  author =       "M. N. Jones",
  title =        "Spherical {H}armonics and {T}ensors for classical field theory",
  edition =      "",
  publisher =    "Research Studies Press",
  year =         "1985",
}
@Article{Jones-Born-Beylkin,
  author =       "B.A. Jones and G.H. Born and G. Beylkin",
  title =        "Comparisons of the Cubed-Sphere Gravity Model
with the Spherical Harmonics",
  journal =      "Journal of guidance, control, and dynamics",
  volume =       "33",
  year =         "2010",
  pages =        "415, sqq",
}
@Article{Jordan,
  author =       "S.A. Jordan",
  title =        "The spatial resolution properties of composite compact finite differencing",
  journal =      "J. Comput. Phys.",
  volume =       "221",
  year =         "2007",
  pages =        "558--576",
}
@misc{Journal-Scientific-Computing,
title ="Num\'ero sp\'ecial du {\sc Journal of Scientific Computing}
sur la m\'ethode {DG}",
year = "vol 22, janvier 2005",
}
@Article{Kageyama,
  author =       "A. Kageyama",
  title =        "Dissection of a sphere and yin-yang grids",
  journal =      "J. of Earth Simulation",
  volume =       "3",
  year =         "2005",
  pages =        "20--28",
}

%\bibitem{evans} L.C. Evans, {\sl "Partial
%Differential Equations
%",} American Mathematical Society (1998).
@Article{Kalita-Gupta-1,
  author =	 "J.C. Kalita and M. Gupta",
  title =	 "A streamfunction-velocity approach for {2D} transient incompressible
viscous flows",
  journal =	 "Int. J. Numer. Meth. Fluids",
  volume =	 "62",
  year =	 "2010",
  pages =	 "237--266",
}
@inproceedings{Kalita-Sen,
  author =       "J.C. Kalita and S. Sen",
  title =        "Biharmonic computation of the flow past an
impulsively started circular cylinder at {R}e=200",
  booktitle  =    "Lecture Notes in Engineering and Computer Science",
  number  =      "2185, (1)",
  year =         "2010",
  publisher=     "Springer",
  pages =        "1805-1810",
}

@Article{Kampanis-Ekaterinaris,
  author =       "N. A. Kampanis and J.A. Ekaterinaris",
  title =        "A staggered grid, high-order accurate method for
                  the incompressible {N}avier--{S}tokes equations",
  journal =      "J. Comput. Phys.",
  volume =       "215",
  year =         "2006",
  pages =        "589--613",
}
@Article{Kang-Kim-Lee,
  author =	 "H.-M. Kang and K.-H. Kim and D.-H. Lee",
  title =	 "A new approach of a limiting process for multi-dimensional flows",
  journal =	 "J. Comp. Phys.",
  volume =	 "229",
  year =	 "2010",
  pages =	 "7102--7128",
}
@Article{Kato-Fujita,
  author =	 "T. Kato and H. Fujita",
  title =	 "On the nonstationary {N}avier--{S}tokes system",
  journal =	 "Rend. Sem. Math. Univ. Padova",
  volume =	 "32",
  year =	 "1962",
  pages =	 "243--260",
}
@Article{Kato-Ponce-1,
  author =	 "T. Kato and G. Ponce",
  title =	 "Well-posedness of the
                  {E}uler and {N}avier--{S}tokes equations in the {L}ebesgue spaces
                  ${L}_s^p(\mathbf{R^2})$",
  journal =	 "Revista Mat. Iberoamericana",
  volume =	 "2",
  year =	 "1986",
  pages =	 "73--88",
}
@Article{Kato-Ponce-2,
  author =	 "T. Kato and G. Ponce",
  title =	 "On nonstationary flows
                  of viscous and ideal fluids in ${L}_s^p(\mathbf{R^2})$",
  journal =	 "Duke Math. J.",
  volume =	 "55",
  year =	 "1987",
  pages =	 "487--499",
}
@Article{Kato-Ponce-3,
  author =	 "T. Kato and G. Ponce",
  title =	 "Commutator estimates and
                  the {E}uler and {N}avier--{S}tokes equations",
  journal =	 "Comm. Pure Appl. Math.",
  volume =	 "41",
  year =	 "1988",
  pages =	 "891--907",
}
@inproceedings{Kato1,
  author =	 "T. Kato",
  title =	 " Remarks on the {E}uler and {N}avier--{S}tokes {E}quations in $ \mathbf{R^2}$",
  booktitle =    " Proc. Symp. Pure. Math.",
  volume    =    "45 (part 2)",
  year =	 "1986",
  publisher=     "AMS",
  pages =	 "1--7",

}
@Article{Kato2,
  author =	 "T. Kato",
  title =	 "The {N}avier--{S}tokes equation for an
                  incompressible fluid in $ \mathbf{R^2}$ with a measure as the initial
                  vorticity",
  journal =	 "Diff. and Integral Equations",
  volume =	 "7",
  year =	 "1994",
  pages =	 "949--966",
}
@Article{Kay-Gresho-Griffiths-Silvester,
  author =       "D. A. Kay and P. M. Gresho and D.F. Griffiths and D. J. Silvester",
  title =        "Adaptive time-stepping for incompressible flow. Part II: {N}avier--{S}tokes equations",
  journal =      "SIAM J. Sci. Comput.",
  volume =       "32",
  year =         "2010",
  pages =        "111--128",
}
@Article{Keiner-Potts,
  title={Fast evaluation of quadrature formulae on the sphere},
  author={J. Keiner and D. Potts},
  journal={Mathematics of computation},
  volume={77},
  number={261},
  pages={397--419},
  year={2008}
}
@Article{Kelkar,
  author =       "K. M. Kelkar and S. V. Patankar",
  title =        "Numerical prediction of vortex sheddind behind
                  a square cylinder",
  journal =      "Int. J. Numer. meth. Fluids",
  volume =       "14",
  year =         "1992",
  pages =        "327--341",
}
@incollection {Keller,
    AUTHOR = {Keller, H. B.},
     TITLE = {A new difference scheme for parabolic problems},
 BOOKTITLE = {Numerical Solution of Partial Differential Equations, II
              (SYNSPADE 1970) (Proc. Sympos., Univ. of Maryland, 
              College Park, Md., 1970)},
     PAGES = {327--350},
 PUBLISHER = {Academic Press},
   ADDRESS = {New York},
      YEAR = {1971},
   MRCLASS = {65.68},
  MRNUMBER = {MR0277129 (43 \#2866)},
MRREVIEWER = {J. D. Hwang},
}
@Techreport{Kennedy-Carpenter,
  author =       "C.A. Kennedy and M.H. Carpenter",
  title =        "Additive {R}unge--{K}utta schemes for convection-diffusion-reaction equations",
  institution =      "NASA-TM",
  year =         "2001",
  number =        "211038",
}
@Article{Kennedy-Carpenter-2,
  author =       "C. A. Kennedy and M. H. Carpenter",
  title =        "Additive {R}unge--{K}utta schemes for convection-diffusion-reaction equations",
  journal =      "Appl. Numer. Math.",
  volume =       "44",
  year =         "2003",
  pages =        "139--181",
}
@inproceedings{Khosla1,
  author = "S. Khosla and P.J. Dionne and M.E. Lee and C.E. Smith",
  title =  "Using fourth order spatial integration on unstructured meshes to reduce {LES} run time",
organization = "AIAA",
series="46th",
year = "2008",
number="",
}
@Article{Kim-Kim,
  author =	 "K.-H. Kim and C. Kim ",
  title =	 "Accurate, efficient and
monotonic numerical methods for multi-dimensional compressible flows
Part II : Multi-dimensional limiting process",
  journal =	 "J. Comp. Phys.",
  volume =	 "208",
  year =	 "2005",
  pages =	 "570--615",
}
@Article{Kim-Moin,
  author =	 "J. Kim and P. Moin",
  title =	 "Application of a fractional-step method to incompressible {N}avier--{S}tokes equations",
  journal =	 "J. Comput. Phys.",
  volume =	 "59",
  year =	 "1985",
  pages =	 "308--323",
}
@Article{Klausen-Russell,
  author =       "R-A. Klausen and T. F. Russell ",
  title =        "Relationships amomg some locally conservative discretization methods which handle discontinuous coefficients",
  journal =      "Comput. Geosciences",
  volume =       "8",
  year =         "2005",
  pages =        "341--377",
}
@Article{Kobayashi-Pereira,
  author =       "M.H. Kobayashi and J.M.C. Pereira",
  title =        "A computational streamfunction method for the two-dimensional incompressible flows",
  journal =      "Int. J. Numer. Meth. Eng.",
  volume =       "62",
  year =         "2005",
  pages =        "1950--1981",
}
@Article{Koch-Tataru,
  author =	 " H. Koch and D. Tataru",
  title =	 "Well-posedness for the
                  {N}avier--{S}tokes equations",
  journal =	 "Adv. in Math.",
  volume =	 "157",
  year =	 "2001",
  pages =	 "22--35",
}
@Book{Kopal,
  author =       " Z. Kopal",
  title =        "{N}umerical {A}nalysis",
  edition =      "2cd",
  publisher =    "John Wiley \& Sons",
  series =        "",
  year =         "1961",
}
@Article{Kosma,
  author =       "Z. Kosma",
  title =        "A computing laminar incompressible flows
over a backward-facing step using {N}ewton iterations",
  journal =      "Mech. Research Comm.",
  volume =       "27",
  year =         "2000",
  pages =        "235--240",
}
@Book{Kress,
  author =       "R. Kress",
  title =        "Numerical Analysis",
  edition =      "",
  series =   "{G}raduate {T}exts in {M}athematics 181",
  publisher =    "Springer",
  year =         "1998",
}
@book{Kroener,
    AUTHOR = { D. Kr\"{o}ner},
     TITLE = {Numerical Schemes for
Conservation Laws},
 PUBLISHER = {John Wiley and Sons, Chichester, and B.G. Teubner},
 SERIES={},
 NUMBER={},
   ADDRESS = {Stuttgart},
      YEAR = {1997},
}
@book{Kuntzmann,
    AUTHOR = {J. Kuntzmann},
     TITLE = {M\'ethodes num\'eriques.  Interpolation - D\'eriv\'ees},
 PUBLISHER = {Dunod},
      YEAR = {1959},
}
@Book{Kunz,
  author =       "K. Kunz",
  title =        "Numerical Analysis",
  edition =      "",
  publisher =    "McGrawHill",
  year =         "1958",
}
@Article{Kupferman,
  author =       "R. Kupferman",
  title =        "A central-difference scheme for a pure streamfunction formulation of incompressible viscous flow",
  journal =      "SIAM J. Sci. Comput.",
  volume =       "23",
  year =         "2001",
  pages =        "1--18",
}
@Article{Kwak-Kiris,
  author =       "D. Kwak and C. Kiris",
  title =        "{CFD} for incompressible flows at {NASA} {A}mes",
  journal =      "Comput. Fluids",
  volume =       "38",
  year =         "2009",
  pages =        "504-510",
}
@Article{Kwak-Kiris-Kim,
  author =       "D. Kwak and C. Kiris and C-S. Kim",
  title =        "Computational challenges of viscous incompressible flows",
  journal =      "Comput. Fluids",
  volume =       "34",
  year =         "2005",
  pages =        "283--299",
}
@Book{Ladyzhenskaya,
  author =       "O. A. Ladyzhenskaya",
  title =        "The Mathematical Theory of Viscous Incompressible
                 Flow",
  publisher =    "Gordon and Breach",
  year =         "1963",
}
@Article{Lai-Wenston,
  author =       "M-J. Lai and P. Wenston",
  title =        " Bivariate spline method for numerical solution of
                   steady-state {N}avier--{S}tokes equations over polygons in stream function formulation",
  journal =      "Numer. Meth. Part. Diff. Eqs ",
  volume =       "16",
  year =         "2000",
  pages =        "147--183",
}
@Book{Lamb,
  author =       "H. Lamb",
  title =        "Hydrodynamics",
  edition =      "6-th",
  publisher =    "Cambridge University Press",
  year =         "1993",
}
@Book{Landau,
  author =       "L. D. Landau and E. M. Lifshitz",
  title =        "Fluid {M}echanics",
  publisher =    "Pergamon Press",
  year =         "1959",
}
@Article{Larcheveque1,
  author =       "L. Larchev?que, P. Sagaut, I. Mary , O. Labb? :",
  title =        "Large-eddy Simulation of a Compressible Flow Past ? Deep Cavity",
  journal =      "Phys. Fluid",
  volume =       "15",
  year =         "2003",
  pages =        "193--210",
}
@Phdthesis{Larcheveque2,
  author =       "L. Larcheveque",
  title =        "",
  school =      "Universit\'e Paris VI",
  year =         "2003",
}
@Article{Lauritzen-Jablonowski-Taylor-Nair,
  author =	 "P. Lauritzen and C. Jablonowski and M. Taylor and R. Nair",
  title =	 "Rotated versions of the {J}ablonowski steady-state and baroclinic wave test-cases:
a dynamical core intercomparison", 
  journal =	 "J. Adv. Model. Earth System",
  volume =	 "in press",
  year =	 "",
  pages =	 "",
}
@Article{Lauritzen-Nair-Ullrich,
  author =	 "P. Lauritzen and R. D. Nair and P. A. Ullrich",
  title =	 "A conservative semi-{L}agrangian multi-tracer transport scheme ({CSLAM})
on the cubed sphere grid",
  journal =	 "J. Comput. Phys.",
  volume =	 "229",
  year =	 "2010",
  pages =	 "1401--1424",
}
@Article{Leal-Machado-Cotta,
  author =       "M. A. Leal and H. A.  Machado
                  and R. M. Cotta",
  title =        "Integral transform solution of transient natural convection
                  in enclosures with variable fluid properties",
  journal =      "Int. J. Heat Mass Trans.",
  volume =       "43",
  year =         "2000",
  pages =        "3977--3990",
}
@Article{Lele,
  author =       "S. K. Lele",
  title =        "Compact Finite-Difference Schemes 
With Spectral-Like Resolution",
  journal =      "J. Comput. Phys.",
  volume =       "103",
  year =         "1992",
  pages =        "16--42",
}
@Article{Leray,
  author =       "J. Leray",
  title =        "Etudes de diverses \'equations int\'egrales non lin\'eaires
                 et de quelques probl\`emes que pose l'hydrodynamique",
  journal =      "J. Math. Pures Appl.",
  volume =       "12",
  year =         "1933",
  pages =        "1--82",
}
@Article{ Leriche-Labrosse,
  author =       "E. Leriche and G. Labrosse",
  title =        "Stokes eigenmodes in square domain and the streamfunction-vorticity correlation",
  journal =      "J. Comput. Phys.",
  volume =       "200",
  year =         "2004",
  pages =        "489--511"
}
@Phdthesis{Lesaint,
  author =       "A. Lesaint",
  title =        "Sur la r\'esolution
des syst\`emes hyperboliques du premier ordre
par des m\'ethodes d'\'el\'ements finis",
  school =      "Universit\'e Paris VI",
  year =         "1975",
}
@proceedings{Lesaint-Raviart,
  author =       "A. Lesaint and P-A. Raviart",
  title =        "On a finite element method for solving the neutron transport
equation",
  booktitle =       "Math. Aspects of Finite Elements in PDE",
  year =         "1974",
  editor = " C. de Boor",
  publisher = " Academic Press, New-York",
}
@Phdthesis{Leterr1,
  author =       "N. Leterrier",
  title =        "Discr?tisation spatiale en maillage
non-structur? de type g?n?ral",
  school =      " Univ Paris 6",
  year =         "2003",
}
@Phdthesis{Leterrier,
  author =       " N. Leterrier",
  title =        "Discr\'etisation spatiale en maillage non structur\'e g\'en\'eral",
  school =      "Paris 6  et ONERA",
  year =         "2003",
}
@book{Leveque-2,
    AUTHOR = {R. Leveque},
     TITLE = {Finite Difference Methods for Ordinary and Partial Differential Equations: Steady-state and Time-dependent Problems},
 PUBLISHER = {SIAM},
   ADDRESS = {},
      YEAR = {2007},
    NUMBER = {},
     PAGES = {--},
}
@Article{Leveque-Li,
  author =       "R.J. Leveque and Z. Li",
  title =        "Immersed interface methods for Stokes flow with elastic boundaries or surface tension",
  journal =      "SIAM J. Sci. Comput.",
  volume =       "18",
  year =         "1997",
  pages =        "",
}
@book{Leveque1,
    AUTHOR = {R. Leveque},
     TITLE = {Finite Volume Methods for
Hyperbolic Problems},
 PUBLISHER = {Cambridge Univ. Press.},
   ADDRESS = {},
      YEAR = {2002},
    NUMBER = {},
     PAGES = {--},
}
@Article{Li-Chen,
  author =	 "J. Li and G. Chen",
  title =	 "The generalized Riemann problem method for
the shallow water equations with bottom topography",
  journal =	 "Int. Journal for Numer. Meth. in Eng.",
  volume =	 "to appear",
  year =	 "2005",
  pages =	 "",
}
@Book{Li-Chen-Wu,
  author =       "R. Li  and Z. Chen  and W. Wu",
  title =        "Generalized Difference Methods for Differential Equations",
  publisher =    "M. Dekker Publ.",
  year =         "2000",
}
@Article{Li-Tang,
  author =       "Ming Li and Tao Tang",
  title =        "A compact fourth-order finite difference scheme for 
                  unsteady viscous incompressible flows",
  journal =      "J. Sci. Comput.",
  volume =       "16",
  year =         "2001",
  pages =        "29--45",
}
@Article{Li-Wang,
  author =       "Zhilin Li and Cheng Wang", 
  title =        "A fast finite difference method for solving
                  {N}avier--{S}tokes equations in irregular domains",
  journal =      "Comm. Math. Sci.",
  volume =       "1",
  year =         "2003",
  pages =        "180--196",
}
@Article{Lieb,
  author =       "E.H. Lieb",
  title =        "Sharp constants in the {H}ardy-{L}ittlewood-{S}obolev and related
                  inequalities",
  journal =      "Annals Math.",
  volume =       "118",
  year =         "1983",
  pages =        "349--374",
}

@Book{Lieb-Loss,
  author =       "E.H. Lieb and M. Loss",
  title =        "Analysis",
  publisher =    "American Mathematical Society",
  year =         "1996",
}
@Article{Lin-Yang,
  author =	 "Lin Fanghua and Yang Yisong",
  title =	 "Nonlinear non-local
elliptic equation modelling electrostatic actuation",
  journal =	 "Proc. R. Soc. Lond. A",
  volume =	 "463",
  number=     "2081",
  year =	 "2007",
  pages =	 "1223--1337",
}
@Book{Lions-Magenes,
  author =       "J. L. Lions and E. Magenes",
  title =        "Non-Homogeneous Boundary Value Problems and Applications I",
  publisher =    "Springer-Verlag",
  year =         "1972",
}

@article {Lions-Prodi,
    AUTHOR = {J. L. Lions and G. Prodi},
     TITLE = {Un th\'eor\'eme
              d'existence et d'unicit\'e dans les \'equations de {N}avier--{S}tokes en
              dimension 2},
  JOURNAL = {Comptes Rendus Acad. Sci. Paris S\'er. I Math.},
    VOLUME = {248},
      YEAR = {1959},
    NUMBER = {},
     PAGES = {3519--3521},
}
@Article{Liu-Osher,
  author =       "X.-D. Liu and S. Osher",
  title =        "Nonoscillatory high order accurate self-similar maximum principle satisfying shock capturing schemes",
  journal =      "SIAM J. Numer. Anal.",
  volume =       "33",
  year =         "1996",
  pages =        "397--425",
}
@Article{Liu-Vinokur-Wang,
  author =	 " Y. Liu and M. Vinokur and Z.J. Wang",
  title =	 "Spectral difference method for unstructured gridss I: Basic formulation",
  journal =	 "J. Comput. Phys.",
  volume =	 "216",
  year =	 "2006",
  pages =	 "780--801",
}
@Article{Liu-Wang-Johnston,
  author =       "J.-G. Liu and C. Wang and H. Johnston",
  title =        "A fourth-order scheme for incompressible {B}oussinesq equations",
  journal =      "J. Sci. Comput.",
  volume =       "18",
  year =         "2003",
  pages =        "253--285",
}
@Article{Loft-Thomas-Dennis,
  author =	 " R. D. Loft and S.J. Thomas and J.M. Dennis",
  title =	 "Terascale spectral element dynamical core for
atmospheric general circulation models",
  journal =	 "",
  volume =	 "",
  year =	 "2009",
  pages =	 "1--32",
}
@Article{Lomtev-Karniadakis,
  author =       "I. Lomtev and G. Karniadakis",
  title =        "A discontinuous {G}alerkin method for the {N}avier--{S}tokes
                  equations",
  journal =      "Int. J. Numer. Meth. Fluids",
  volume =       "29",
  year =         "1999",
  pages =        "587--603",
}
@Article{Londrillo,
  author =	 "P. Londrillo",
  title =	 "Adaptive grid-based gas-dynamics and {P}oisson solvers
                  for gravitating systems",
  journal =	 "Mem. A.A. It. Suppl.",
  volume =	 "4",
  year =	 "2004",
  pages =	 "69--74",
}
@Article{Longuet-Higgins,
  author =	 "M.S. Longuet-Higgins",
  title =	 "The eigenfunctions of {L}alace's tidal
equations over a sphere",
  journal =	 "Phil. Trans. Roy. Soc. London",
  series  = "A, Math. and Phys. Sciences",
  volume =	 "262",
  number =       "1132",
  year =	 "1968",
  pages =	 "511--607",
}
@incollection{Lorteau-Clerot-Vuillot,
author =       "M. Lorteau and F. Cl\'{e}rot and F. Vuillot",
title =         "Recent progress in LES computation for aeroacoustics of turbulent hot jet. Comparison to experiments and near field analysis",
booktitle=      "AIAA/CEAS Aeroacoustics Conference, 20th, Atlanta,
                Ga, June 16-20, 2014",
publisher=      "AIAA",
year =         "2014",
pages =        "",
}
@Article{Lou-Bialecki-Fairweather,
  author =       "Z.M. Lou and B. Bialecki and G. Fairweather",
  title =        "Orthogonal spline collocation methods for biharmonic pronblems",
  journal =      "Numer. Math.",
  volume =       "80",
  year =         "1998",
  pages =        "267--303",
}

@Article{Luce-Perez-1,
  author =       "R. Luce and S. Perez",
  title =        "A numerical upscaling method for an elliptic
equation with heterogeneous tensorial coefficients",
  journal =      "Int. J. Numer. Meth. Eng.",
  volume =       "54",
  year =         "2002",
  pages =        "537--556",
}
@misc{Lupoglazoff-et-al,
  author = "N. Lupoglazoff and G. Rahier and F. Vuillot",
  title =  "  Application
of the {CEDRE} unstructured flow solver to jet noise computations.",
  howpublished = "First European Conference for Aerospace Sciences (EUCASS), Moscow",
  year = "2005",
  month= "july",
}
@Article{Lyn-Einan-Rodi-Park,
  author =       "D. A. Lyn and S. Einav and S. Rodi and J. -H. Park",
  title =        "A laser-Doppler velocometry study of ensemble-averaged
                 characteristics of the turbulent near wake of
                 a square cylinder",
  journal =      "J. Fluid Mech.",
  volume =       "304",
  year =         "1995",
  pages =        "285--319",
}
@Article{Lynch-Rice-Thomas,
  author =       "R.E. Lynch and J.R. Rice and D.H. Thomas",
  title =        " Direct Solution of partial difference equations by tensor product methods",
  journal =      "Numer. Math.",
  volume =       "6",
  year =         "1964",
  pages =        "185--199",
}
@Article{Maekawa,
  author =	 "Y. Maekawa",
  title =	 "On spatial decay estimates for
                  derivatives of vorticities of the two-dimensional {N}avier--{S}tokes
                  flow",
  journal =	 "Proceedings Equadiff",
  volume =	 "11",
  year =	 "2005",
  pages =	 "223--228",
}
@Article{Mahesh,
  author =	 " K. Mahesh",
  title =	 "A family of high order finite difference
schemes with good spectral resolution",
  journal =	 "J. Comput. Phys.",
  volume =	 "145",
  year =	 "1998",
  pages =	 "332-358",
}
@article {Maitre,
    AUTHOR = {Maitre, J.F.},
     TITLE = {About a ``natural'' mixed finite element method ;
relation with classical methods and applications},
   JOURNAL = {Talk at the ENUMATH 99, Jyveskyla, Finland, },
  FJOURNAL = {Comptes Rendus Math\'ematique. Acad\'emie des Sciences. Paris},
    VOLUME = {},
      YEAR = {1999},
    NUMBER = {},
     PAGES = {--},
}
@Book{Majda-Bertozzi,
  author =       "A. J. Majda and A. L. Bertozzi",
  title =        "Vorticity and Incompressible Flow",
  publisher =    "Cambridge University Press",
  year =         "2002",
}
@Article{Marchioro-Pulvirenti,
  author =	 "C. Marchioro and M. Pulvirenti",
  title =	 "Hydrodynamics in two dimensions and vortex theory",
  journal =	 "Comm. Math. Phys.",
  volume =	 "84",
  year =	 "1982",
  pages =	 "483--503",
}
@article {Marini,
    AUTHOR = {Marini, L. D.},
     TITLE = {An inexpensive method for the evaluation of the solution of
              the lowest order {R}aviart-{T}homas mixed method},
   JOURNAL = {SIAM J. Numer. Anal.},
  FJOURNAL = {SIAM Journal on Numerical Analysis},
    VOLUME = {22},
      YEAR = {1985},
    NUMBER = {3},
     PAGES = {493--496},
      ISSN = {0036-1429},
     CODEN = {SJNAAM},
   MRCLASS = {65N30},
  MRNUMBER = {MR787572 (86g:65214)},
MRREVIEWER = {Hans-Peter Helfrich},
}
@Article{Mattsson-Svard-Carpenter-Nordstrom,
  author =       "K. Mattsson and M. Sv{\"{a}}rd and M. Carpenter and J. Nordstr{\"{o}}m",
  title =        "High-order accurate computations for unsteady aerodynamics",
  journal =      "Comput. Fluids",
  volume =       "36",
  year =         "2007",
  pages =        "636--649",
}
@Article{Mattsson-Svard-Shoeybi,
  author =	 " K. Mattsson and M. Sv{\"{a}}rd and M. Shoeyby",
  title =	 "Stable and accurate schemes for the compressible 
Navier-Stokes equations",
  journal =	 "J. Comput. Phys.",
  volume =	 "227",
  year =	 "2008",
  pages =	 "2293--2316",
}
@Techreport{Mavriplis,
  author =	 " D. Mavriplis",
  title =	 "Revisiting the Least-squares procedure for Gradient Reconstruction
on Unstructured Meshes",
  institution=" NASA", 
  type="NIA Report",
  journal =	 "",
  number=" 2003-06",
  year =	 "2003",
}
@Article{Mayo,
  author =       "A. Mayo",
  title =        "Fast high order accurate solution of Laplace's equation on irregular regions",
  journal =      "SIAM J. Sci. Comput.",
  volume =       "6",
  year =         "1985",
  pages =        "",
}
  author =       "J.-G. Liu and C.-W. Shu",
  title =        "A high-order discontinuous {G}alerkin method
for {2D} incompressible flows",
  journal =      "J. Comput. Phys.",
  volume =       "160",
  year =         "2000",
  pages =        "577--596",
}

  author =       "H.-C. Yee and N. Sandham and M. Djomehri",
  title =        "Low dissipative high order shock-capturing methods using characteritic-based filters",
  journal =      "J. Comput. Phys.",
  volume =       "150",
  year =         "1999",
  pages =        "199--238",
}
@Article{McGrath,
  author =	 "F.J. McGrath",
  title =	 "Nonstationary plane flow of
                  viscous and ideal fluids",
  journal =	 "Arch. Rat. Mech. Anal.",
  volume =	 "27",
  year =	 "1968",
  pages =	 "328--348",
}
@Article{McKee-Tome,
  author =       "S. McKee and M.F. Tome and V.G. Ferreira
                  and J.A. Cuminato and A. Castelo and F.S. Sousa and 
                  N. Mangiavacchi",
  title =        "The {MAC} method",
  journal =      "Comput. Fluids",
  volume =       "37",
  year =         "2008",
  pages =        "907-930",
}
@Article{McLaren,
  title={Optimal numerical integration on a sphere},
  author={A.D. McLaren},
  journal={Mathematics of Computation},
  volume={17},
  number={84},
  pages={361--383},
  year={1963},
}
@Article{McLaurin,
  author =       "J.W. McLaurin",
  title =        "A general coupled equation approach for solving the biharmonic boundary value problem",
  journal =      "SIAM J. Numer. Anal.",
  volume =       "11",
  year =         "1974",
  pages =        "14--33",
}
@Article{Meleshko,
  author =       "V.V. Meleshko",
  title =        "Selected topics in the history of the two-dimensional biharmonic problem",
  journal =      "Appl. Mech. Review",
  volume =       "56",
  year =         "2003",
  pages =        "33--85",
}
@Article{Minev-Guermond,
  author =       "P. Minev and J-L. Guermond",
  title =        "Start-up flow in a three-dimensional lid-driven cavity by
means of a massively parallel direction splitting algorithm",
  journal =      "Int. J. Numer. Meth. Fluids",
  volume =       "68",
  number=         "7",
  year =         "2012",
  pages =        "856--871",
}
@Article{Minion,
  author =       "M.L. Minion",
  title =        "Higher order semi-implicit projection methods",
  journal =      "Preprint UCRL-JC-145295",
  volume =       "",
  year =         "2001",
  pages =        "",
}
@Book{Mitchell-Griffiths,
  author =       " A.R. Mitchell and D.F. Griffiths",
  title =        "{T}he {F}inite {D}ifference {M}ethod 
                   in {P}artial {D}ifferential
                  {E}quations",
  edition =      "",
  publisher =    "John Wiley \& Sons",
  series =        "",
  year =         "1980",
}
@Article{Miyakawa-Schonbek,
  author =	 "T. Miyakawa and M. Schonbek",
  title =	 "On optimal decay rates for weak solutions  to the
                 {N}avier--{S}tokes equations in $\mathbf{R^n}$",
  journal =	 "Math. Bohem.",
  volume =	 "126",
  year =	 "2001",
  pages =	 "443--455",
}
@Article{Miyakawa-Yamada,
  author =	 "T. Miyakawa and M. Yamada",
  title =	 " {P}lanar {N}avier--{S}tokes
                   flows in a bounded
                    domain with measures as initial data",
  journal =	 "Hiroshima Math. J.",
  volume =	 "22",
  year =	 "1992",
  pages =	 "401--420",
}
@Article{Miyata-Yamada,
  author =	 "H. Miyata and Y. Yamada",
  title =	 "A finite difference method for 3d flows
about bodies of complex geometry in
rectangular co-ordinate systems",
  journal =	 "Int. J. Numer. Meth. Fluids",
  volume =	 "14",
  year =	 "1992",
  pages =	 "1261--1287",
}
@Article{Mohlenkamp,
  author =       "M.J. Mohlenkamp",
  title =        "A fast transform for spherical harmonics",
  journal =      "J. of Fourier Analysis and Applications",
  volume =       "",
  year =         "",
  pages =        "",
}
@Article{Monk,
  author =       "P. Monk",
  title =        "A mixed finite element methods for the biharmonic equation",
  journal =      "SIAM J. Numer. Anal.",
  volume =       "24",
  year =         "1987",
  pages =        "737--749",
}
@unpublished{Montjin-Hundsdorfer-Ebert,
  author =       "C. Montjin and W. Hundsdorder and U. Erbert",
  title =        "An adaptive grid refinement strategy for the
simulation of negative streamers",
  note = "Preprint",
  year = " 2006",
}
@Article{Morinishi-Lund-Vasilyev-Moin,
  author =	 "Y. Morinishi and T.S. Lund and O.V. Vasilyev and P. Moin",
  title =	 "Fully conservative higher order finite difference schemes
for incompressible flows",
  journal =	 "J. Comput. Phys.",
  volume =	 "143",
  year =	 "1998",
  pages =	 "90-124",
}
@Book{Morton,
  author =       "K. W. Morton",
  title =        " Numerical solution of convection-diffusion problems",
  publisher =    "Chapman \& Hall",
  year =         "1996",
}
@Article{Mu-Wang-Ye,
  author =       "L Mu and J. Wang and X. Ye",
  title =        "Weak Galerkin finite element methods for the biharmonic equation on polytopal meshes",
  journal =      "Numerical Methods for Partial Differential Equations",
  volume =       "80",
  number =       "3",
  year =         "2014",
  pages =        "1003--1029",
}
@Article{Nair-Choi-Tufo,
  author =       "R. D. Nair and H.-W. Choi and H. M. Tufo",
  title =        "Computational aspects of a scalable high-order discontinuous {G}alerkin 
                  atmospheric dynamical core",
  journal =      "Comput. Fluids",
  volume =       "38",
  year =         "2009",
  pages =        "309--319",
}
@Article{Nair-Cote-Stanisforth,
  author =	 "R. Nair and J. C\^{o}t\'{e} and A. Stanisforth",
  title =	 "Cascade interpolation for semi-Lagrangian advection over the sphere",
  journal =	 "Quart. J. Roy. Meteor. Soc.",
  volume =	 "125",
  year =	 "1999",
  pages =	 "1445--1468",
}
@Article{Nair-Jablonowski,
  author =	 "R. D. Nair, C. Jablonowski",
  title =	 "Moving vortices on the sphere: a test-case for horizontal advection problems",
  journal =	 "Mon. Wea. Rev.",
  volume =	 "136",
  year =	 "2008",
  pages =	 "689--711",
}
@Article{Nair-Jablonowski-2,
  author =	 "R. D. Nair and C. Jablonowski",
  title =	 "Moving Vortices on the Sphere: A test case 
for Horizontal Advection problems",
  journal =	 "Mon. Wea. Rev.",
  volume =	 "136",
  number=        "2",
  year =	 "2008",
  pages =	 "699--711",
}
@Article{Nair-Lauritzen,
  author =	 "R. D. Nair and P. Lauritzen",
  title =	 "A class of deformational flow test cases for linear transport problems on the sphere",
  journal =	 "J. Comput. Phys.",
  volume =	 "229",
  year =	 "2010",
  pages =	 "8868--8887",
}
@Article{Nair-Machenhauer,
  author =	 "R.D. Nair and B. Machenhauer",
  title =	 "The mass-conservative cell-integrated semi-lagrangian
                  advection scheme on the sphere",
  journal =	 "Mon. Wea. Rev.",
  volume =	 "130",
  year =	 "2002",
  pages =	 "649--667",
}
@Article{Nair-Thomas-Loft,
  author =	 "R. D. Nair and S. Thomas and R. Loft",
  title =	 "A discontinuous {G}alerkin transport scheme on the cubed sphere",
  journal =	 "Mon. Wea. Rev.",
  volume =	 "133",
  year =	 "2005",
  pages =	 "814--828",
}
@Book{Natterer-Wubbeling,
  author =       "F. Natterer and F. W{\"{u}}bbeling",
  title =        "Mathematical methods in image reconstruction",
  edition =      "",
  publisher =    "SIAM",
  year =         "2001",
}
@phdthesis{Navert,
author="U. N{\"{a}}vert",
title="A finite element method for convection-diffusion problems",
school="Chalmers Univ. of Technology",
year="1982",
type="phd",
}
@Article{Neale-Hoskins,
  author =       "R.B. Neale and B.J. Hoskins",
  title =        "A standard test for AGCM's including their physical
parametrizations: I: The proposal",
  journal =      "Atmospheric Science Letters",
  volume =       "1",
  year =         "2001",
  pages =        "",
}
@Article{Neale-Hoskins-2,
  author =       "R.B. Neale and B.J. Hoskins",
  title =        "A standard test for AGCM's including their physical
parametrizations: II: Results for the Met Office Model",
  journal =      "Atmospheric Science Letters",
  volume =       "1",
  year =         "2001",
  pages =        "",
}
@Article{Nicolaides,
  author =       "R.A. Nicolaides",
  title =        "Existence, uniqueness and approximation for generalized saddle point problems",
  journal =      "SIAM J. Numer. Anal",
  volume =       "19",
  year =         "1982",
  pages =        "349--357",
}
@Article{Nielsen,
  author =       "B.F. Nielsen",
  title =        "Finite element discretizations of elliptic problems in the presence of arbitrarily small ellipticity; an error analysis",
  journal =      "SIAM J. Numer. Anal.",
  volume =       "36(2)",
  year =         "1998",
  pages =        "368--392",
}
@Article{Nihei-Ishii,
  author =       "T. Nihei and K. Ishii",
  title =        "A fast solver of the shallow water equations on the sphere using a combined compact difference scheme",
  journal =      "J. Comput. Phys.",
  volume =       "187",
  year =         "2003",
  pages =        "639--659",
}
@Article{Non-Pierre-Gervais,
  author =       "E. Non and R. Pierre and J-J. Gervais",
  title =        "Linear stability of the three-dimensional lid-driven cavity",
  journal =      "Phys. Fluids",
  volume =       "18",
  year =         "2006",
  pages =        "084103-1--084103-10",
}
@Article{Noye-Tan,
  author =       "B.J. Noye, H.H. Tan",
  title =        "Finite difference methods
for solving the {2D} convection-diffusion equation",
  journal =      "Int. J. Numer. Meth. Fluids",
  volume =       "9",
  year =         "1989",
  pages =        "75--98",
}
@Article{OllivierGooch-Altena,
  author =	 " C. Ollivier-Gooch and M. Van Altena",
  title =	 "A high-order accurate unstructured mesh finite-volume scheme for the advection-diffusion equation",
  journal =	 "J. Comput. Phys.",
  volume =	 "181",
  number =       "2",
  year =	 "2002",
  pages =	 "729--752",
}

@Article{Orszag-Israeli,
  author =       "S. A. Orszag and M. Israeli",
  title =        "Numerical simulation of viscous
                  incompressible flows",
  journal =    "Ann. Rev. Fluid Mech.", 
   editor  =    "M. Van Dyke, W. A. Vincenti and J. V. Wehausen",
  volume =       "6",
  year =         "1974",
  pages =        "281--318",
}
@Article{Ortiz,
author= "       P. Ortiz",
title=          "Why indexing the sky is desirable",
journal=        "Astronomical data Analysis Software and Systems XII",
volume=          "ASP Conf. Series, Vol 225",
year=            "2003", 
pages=            "35--38",
}
@Article{Osada,
  author =	 "H. Osada",
  title =	 "Diffusion processes with generators of generalized
                  divergence form",
  journal =	 "J. Math. Kyoto Univ.",
  volume =	 "27",
  year =	 "1987",
  pages =	 "597--619",
}
@Phdthesis{Owen,
  author =       "M. P. Owen",
  title =        "Topics in the spectral theory of fourth order elliptic differential operators",
  school =      "Kings College London",
  year =         "1996",
}
@Book{Paldor,
  author =       "N. Paldor",
  title =        "Shallow water waves on the rotating earth",
  series=        "Springer Brief in Earth System Sciences",
  publisher =    "Springer-Verlag",
  year =         "2015",
}
@Article{Paldor-Sigalov-2,
  author =	 "N. Paldor and A. Sigalov",
  title =	 "An Invariant Theory of the Linearized Shallow
Water Equations with Rotation",
  journal =	 "Dyn. Atmos. Ocean",
  volume =	 "51",
  year =	 "2010",
  pages =	 "26--44",
}
@Article{Pandit,
  author =	 "S. K. Pandit",
  title =	 "On the use of compact streamfunction-velocity formulation of steady {N}avier--{S}tokes equations
                  on geometries beyond rectangular",
  journal =	 " J. Scient. Comput.",
  volume =	 "36",
  year =	 "2008",
  pages =	 "219--242",
}
@article {Park-Shen,
    AUTHOR = {Park, C. and Sheen, D.},
     TITLE = {{$P\sb 1$}-nonconforming quadrilateral finite element methods
              for second-order elliptic problems},
   JOURNAL = {SIAM J. Numer. Anal.},
  FJOURNAL = {SIAM Journal on Numerical Analysis},
    VOLUME = {41},
      YEAR = {2003},
    NUMBER = {2},
     PAGES = {624--640 (electronic)},
      ISSN = {1095-7170},
   MRCLASS = {65N30 (65N12 65N15)},
  MRNUMBER = {MR2004191 (2004i:65125)},
MRREVIEWER = {Juhani Pitk{\"a}ranta},
}

@Article{Patera,
  author =       "A. T. Patera",
  title =        "A spectral element method for fluid dynamics: Laminar flow in a channel expansion",
  journal =      "J. Comput. Phys.",
  volume =       "54",
  year =         "1984",
  pages =        "468--488",
}
@Article{Peaceman-Rachford,
  author =       "D. W. Peaceman and H. H. Rachford",
  title =        "The numerical solution of parabolic
and elliptic equations",
  journal =      "Siam J.",
  volume =       "3",
  year =         "1955",
  pages =        "28--41",
}
@Book{Pedlosky,
  author =       "J. Pedlosky",
  title =        "Geophysical Fluid Dynamics",
  publisher =    "Springer",
  edition=       "2cd", 
  year =         "1987",
}
@Article{Peng-Shiau-Hwang,
  author =       "Y-F. Peng and Y-H. Shiau and R.R. Hwang",
  title =        "Transition in a {2-D}--lid-driven cavity flow",
  journal =      "Comput. Fluids",
  volume =       "32",
  year =         "2003",
  pages =        "337--352",
}
@Article{PerezGuerrero-Cotta,
  author =	 "J. S. P\'erez-Guerrero and R. M. Cotta",
  title =	 "Integral transform solution for the lid-driven cavity flow problem in streamfunction-only formulation",
  journal =	 "Int. J. Numer. Meth. Fluids",
  volume =	 "15",
  year =	 "1992",
  pages =	 "399--409",
}
@Article{Persson,
  author =	 " O. Persson",
  title =	 "PDE-based gradient limiting for mesh size functions",
  journal =	 "",
  volume =	 "",
  year =	 "",
  pages =	 "",
}
@Article{Peskin,
  author =       "C. S. Peskin",
  title =        "Numerical Analysis of bood flow in the heart",
  journal =      "J. Comput. Phys.",
  volume =       "25",
  year =         "1977",
  pages =        "",
}
@incollection{Petcu-Temam-Ziane,
author="  M. Petcu and R. Temam and M. Ziane",
title=" Some Mathematical Problems in Geophysical Fluid Dynamics",
booktitle=" Numerical Analysis, Special volume on Computational Methods for the Oceans and the Atmosphere",
chapter="",
volume="",
editor=" P. G. Ciarlet, Ed, R. Temam and J. Tribbia, Guest Eds",
publisher=" Elsevier B.V.",
year= "Amsterdam,2008",
}
@Article{Peyret,
  author =       "R. Peyret",
  title =        "",
  journal =      " ",
  volume =       "",
  year =         "",
  pages =        "",
}
@proceedings{Peyret-Delorme,
  author =       "C.J. Peyret and P. Delorme",
  title =        "Optimal hp
{D}iscontinuous {G}alerkin Method Application to Computational Aeroacoustics",
   organization="AIAA",
  year = "2001",
  number=""
}
@unpublished{Peyret-Delorme2,
  author =       "P. Delorme and P-A. Mazet and C.J. Peyret and Y. Ventribout",
  title =        "Computational Aeroacoustics Applications based on a Discontinuous Galerkin Method",
  note = "Preprint ONERA",
  year = "2004",
}
@Book{Pickering,
  author =       "M. Pickering",
  title =        "An introduction to {F}ast {F}ourier {T}ransform
methods for partial differential equations, with appplications",
  edition =      "",
  publisher =    "Research Studies Press",
  year =         "1986",
}
@Book{Pinchover-Rubinstein,
  author =       " Y. Pinchover and J. Rubinstein",
  title =        "Introduction to Partial Differential Equations",
  edition =      "",
  publisher =    "Cambridge University Press",
  series =        "",
  year =         "2005",
}
@Book{Pinsky,
  author =       "M.A. Pinsky",
  title =        "Partial {D}ifferential {E}quations and {B}oundary-{V}alue {P}roblems 
                  with {A}pplications",
  edition =      "3-th",
  publisher =    "McGraw Hill",
  year =         "1984",
}
@Book{Pironneau,
  author =       "O. Pironneau",
  title =        "Finite {E}lement {M}ethods for {F}luids",
  chapter =      "5",
  section =      "1",
  publisher =    "John Wiley \& Sons",
  year =         "1989",
}
@Article{Pirozzoli,
  author =	 " S. Pirozzoli",
  title =	 "On the spectral properties of shock-capturing schemes",
  journal =	 "J. Comput. Phys.",
  volume =	 "219",
  year =	 "2006",
  pages =	 "489--497",
}
@Article{Ponce,
  author =	 "G. Ponce",
  title =	 "On two dimensional incompressible fluids",
  journal =	 "Comm. PDE",
  volume =	 "11",
  year =	 "1986",
  pages =	 "483--511",
}
@unpublished{Portelenelle-Croisille,
  author =	 "B. Portelenelle and J.-P. Croisille",
  title =	 "An efficient quadrature rule on the Cubed Sphere",
  note =	 "Preprint 2016",
}
@inproceedings{Pourquie-Boersma,
  author =       "M.J. Pourquie and B.J. Boersma",
  title =        "The use of immersed boundary methods for
                  the calculation of flow around objects",
  booktitle =    " European Conference on Computational Fluid Dynamics, ECCOMAS CFD 2006",
  editor=        "P. Wesseling, E. O\~nate and J. P\'eriaux",
  year =         "2006",
  pages =        "",
}
@Book{Powell,
  author =       "M.J.D. Powell",
  title =        "Approximation theory and methods",
  publisher =    "Cambridge University Press",
  year =         "1981",
}
@Article{Proskurowski,
  author =       "W. Proskurowski",
  title =        "Numerical solution of {H}elmoltz's equation by implicit capacitance matrix methods",
  journal =      "ACM Trans. on Math. Software",
  volume =       "5",
  year =         "1979",
  pages =        "36--49",
}
@Article{Proskurowski-Vassilevski,
  author =       "W. Proskurowski and P.S. Vassilevski",
  title =        "Preconditioning nonsymmetric and indefinite capacitance
                  matrix problems in domain imbedding",
  journal =      "SIAM J. Sci. Comput.",
  volume =       "16",
  year =         "1995",
  pages =        "414--430",
}
@Article{Proskurowski-Widlund,
  author =	 "W. Proskurowski and O. Widlund",
  title =	 "On the Numerical Solution of {H}elmholtz's Equation by the Capacitance Matrix Method",
  journal =	 "Math. Comput.",
  volume =	 "30",
  year =	 "1976",
  pages =	 "433--468",
}
@book{Protter-Weinberger,
    AUTHOR = {M. H. Protter and H. F. Weinberger},
     TITLE = {Maximum Principles in Differential Equations},
 PUBLISHER = {Springer},
   ADDRESS = {},
      YEAR = {1984},
    NUMBER = {},
     PAGES = {--},
}
@incollection{Puente-Sanders-Vuillot,
author =       "F. de la Puente and L. Sanders and F. Vuillot",
title =         "On LAGOON nose landing gear CFD/CAA computation over 
unstructured mesh using a ZDES approach",
booktitle=      "AIAA/CEAS Aeroacoustics Conference, 20th, Atlanta,
                Ga, June 16-20, 2014",
publisher=      "AIAA",
year =         "2014",
pages =        "",
}
@Article{Putman-Lin,
  author =       "W.M. Putman and S-J. Lin",
  title =        "Finite volume transport on various cubed-sphere grids",
  journal =      "J. Comput. Phys.",
  volume =       "227",
  year =         "2007",
  pages =        "55--78",
}
@Article{Quartapelle-1,
  author =       "L. Quartapelle and F. Valz-Gris",
  title =        "Projection conditions on the vorticity in viscous
                 incompressible flows",
  journal =      "Int. J. Numer. Meth. Fluids",
  volume =       "1",
  year =         "1981",
  pages =        "129--144",
}
@Book{Quartapelle-2,
  author =       "L. Quartapelle",
  title =        "Numerical {S}olution of the {I}ncompressible {N}avier--{S}tokes
                 Equations",
  publisher =    "Birkh{\"{a}}user Verlag",
  year =         "1993",
}
@Article{Rahier-Prieur-Vuillot-Lupoglazoff-Biancherin,
  author =       "G. Rahier and J. Prieur and F. Vuillot and N. Lupoglazoff and A. Biancherin",
  title =        "Investigation of integral surface formulations for acoustic post-processing of unsteady aerodynamic jet simulations",
  journal =      "Aerospace Science and Technology",
  volume =       "8(6)",
  year =         "2004",
  pages =        "453--467",
}
@Article{Ramanan-Homsy,
  author =       "N. Ramanan and G. M. Homsy",
  title =        "Linear stability of lid-driven cavity flow",
  journal =      "Phys. Fluids",
  volume =       "6",
  year =         "1994",
  pages =        "2690--2701",
}
@article {Rannacher-Turek,
    AUTHOR = {Rannacher, R. and Turek, S.},
     TITLE = {Simple nonconforming quadrilateral {S}tokes element},
   JOURNAL = {Numer. Methods Partial Differential Equations},
  FJOURNAL = {Numerical Methods for Partial Differential Equations. An
              International Journal},
    VOLUME = {8},
      YEAR = {1992},
    NUMBER = {2},
     PAGES = {97--111},
      ISSN = {0749-159X},
   MRCLASS = {65N30 (76D07 76M10)},
  MRNUMBER = {MR1148797 (92i:65170)},
}
@incollection {Raviart-Thomas,
    AUTHOR = {Raviart, P-A. and Thomas, J-M.},
     TITLE = {A mixed finite element method for 2nd order elliptic problems},
 BOOKTITLE = {Mathematical Aspects of Finite Element Methods.
            Lecture Notes in Math.},
    VOLUME = {606},
     PAGES = {292--315},
 PUBLISHER = {Springer},
   ADDRESS = {Berlin},
      YEAR = {1977},
   MRCLASS = {65N30},
  MRNUMBER = {MR0483555 (58 \#3547)},
MRREVIEWER = {Jan Bochenek},
}
@Article{Raviart-Thomas-2,
  author =       "P-A. Raviart and J-M. Thomas",
  title =        " Primal hybrid finite element methods for second order elliptic equations",
  journal =      "Math. Comput.",
  volume =       "31",
  year =         "1995",
  pages =        "391--413",
}
@Phdthesis{Redonnet,
  author =       "S. Redonnet",
  title =        "Simulation de la propagation acoustique en pr{\'e}sence
d{'\'e}coulements quelconques et de structures solides par
r{\'e}solution num{\'e}rique des {\'e}quations d'Euler",
  school =      "Univ. Bordeaux 1",
  year =         "2001",
}
@Book{Reed-Simon,
  author =       "M. Reed and B. Simon",
  title =        "Methods of Modern Mathematical Physics",
  edition =      "",
  publisher =    "Academic Press",
  year =         "1978",
}
@misc{Reichstadt-et-al,
  author = "S. Reichstadt S. and N. Bertier and A. Ristori and P. Bruel",
  note =  " Towards {LES} of Mixing Processes inside a Research Ramjet Combustor",
  howpublished = "Symposium ISOABE, Beijing",
  year = "2007",
  number="paper-2007-1188",
  series="18th"
}
@Book{Rice-Boisvert,
  author =       "J.R. Rice and R.F. Boisvert",
  title =        "Solving elliptic problems using ELLPACK",
  edition =      "",
  publisher =    "Springer-Verlag",
  year =         "1985",
}
@Book{Richtmyer-Morton,
  author =       "R. D. Richtmyer and K. W. Morton",
  title =        "{D}ifference {M}ethods for {I}nitial-{V}alue {P}roblems",
  publisher =    "John Wiley \& Sons",
  year =         "1967",
  edition=       "2-nd",
  collection=    "Tracts in Pure and Applied Mathematics",
}
@Article{Rigal-1,
  author =       "A. Rigal",
  title =        "High order difference methods for 
unsteady 1D diffusion-convection problems",
  journal =      "J. Comput. Phys.",
  volume =       "114",
  year =         "1994",
  pages =        "59--76",
}
@Article{Roe1,
  author =       "P.L. Roe",
  title =        "Approximate  Riemann Solvers, Parameter
Vectors and Difference Schemes",
  journal =      "J. Comput. Phys.",
  volume =       "43",
  year =         "1981",
  pages =        "357--372",
}
@Article{Rokhlin-Tygert,
  author =	 "V. Rokhlin and M. Tygert",
  title =	 "Fast algorithms for spherical harmonic expansions",
  journal =	 "SIAM J. Sci. Comput.",
  volume =	 "27",
  year =	 "2006",
  pages =	 "1903--1928",
}
@Article{Ronchi-Iacono-Paolucci,
  author =       "C. Ronchi and R. Iacono and P. S. Paolucci",
  title =        "The {C}ubed {S}phere: A New Method for the Solution of Partial
Differential Equations in Spherical Geometry",
  journal =      "J. Comput. Phys.",
  volume =       "124",
  year =         "1996",
  pages =        "93--114",
}
@Article{Roos-Linss,
  author =       "H.G. Roos and T. Linss",
  title =        " Gradient recovery for singularly perturebed boundary value problems I",
  journal =      "Computing",
  volume =       "66",
  year =         "2001",
  pages =        "163--178",
}
@Article{Rossmanith,
  author =       "J.A. Rossmanith",
  title =        "A wave propagation method for hyperbolic systems on the sphere",
  journal =      "J. Comput. Phys.",
  volume =       "213",
  year =         "2006",
  pages =        "629--658",
}
@Article{Ruas-Quartapelle,
author =       "V. Ruas and L. Quartapelle:",
title =        "Uncouples finite element solutions of biharmonic
                problems for vector potentials",
journal =      "Inter. J. Numer. Methods in Fluids",
volume =       "11",
year =         "1990",
pages =        "811--822",
}
@incollection{Rubel-Volpe,
author =       "A. Rubel and G. Volpe:",
title =        "Biharmonic vector stream function formulation and 
                multigrid solutions for a three-dimensional
		driven-cavity Stokes flow",
booktitle=      "AIAA Computational Fluid Dynamics Conference, 9th, Buffalo,
                NY, June 13-15, 1989",
publisher=      "AIAA",
year =         "1989",
pages =        "380--388",
}
@Article{Russel,
  author =       "D. Russell and Z.J. Wang:",
  title =        "A cartesian grid method for modeling multiple
        	  moving objects in {2D} incompressible vicous flow",
  journal =      "J. Comput. Phys.",
  volume =       "191",
  year =         "2003",
  pages =        "177--205",
}
@Article{Russel-Wang,
  author =       "D. Russell and Z.J. Wang:",
  title =        "A cartesian grid method for modeling multiple
        	  moving objects in {2D} incompressible vicous flow",
  journal =      "J. Comput. Phys.",
  volume =       "191",
  year =         "2003",
  pages =        "177--205",
}

@Article{Sadourny,
  author =       " R. Sadourny",
  title =        "Conservative finite-difference approximations of the primitive equations on quasi-uniform spherical grids",
  journal =      "Mon. Wea. Rev.",
  volume =       "100",
  year =         "1972",
  pages =        " 136-144",
}

@book{Saffman,
    AUTHOR = {P. G. Saffman},
     TITLE = {Vortex Dynamics },
 PUBLISHER = {Cambridge University Press},
   ADDRESS = {},
      YEAR = {1992},
    NUMBER = {},
     PAGES = {--},
}

@Book{Sagaut,
  author =       "P. Sagaut",
  title =        "Large Eddy Simulation for Incompressible Flows",
  edition =      "2-th",
  publisher =    "Springer",
  year =         "2002",
}
@Article{Sahin-Owens,
  author =	 "M. Sahin and R. G. Owens",
  title =	 "A novel fully implicit finite volume method applied
to the lid-driven cavity problem - {P}art {I}: {H}igh {R}eynolds number flow calculations",
  journal =	 "Int. J. Numer. Meth. Fluids",
  volume =	 "42",
  year =	 "2003",
  pages =	 "57--77",
}
@Article{Sahin-Owens-2,
  author =	 "M. Sahin and R. G. Owens",
  title =	 "A novel fully implicit finite volume method applied
to the lid-driven cavity problem - {P}art {II}: {L}inear stability analysis",
  journal =	 "Int. J. Numer. Meth. Fluids",
  volume =	 "42",
  year =	 "2003",
  pages =	 "79--88",
}
@Book{Samarski-Andreev,
  author =       " A. Samarski and V. Andreev",
  title =        "{M}\'ethodes
aux diff\'erences pour \'equations elliptiques",
  edition =      "",
  publisher =    "MIR",
  year =         "1976",
}
@Article{Samelson-Temam-Wang-Wang,
  author =       "R. Samelson and R. Temam and C. Wang and S. Wang",
  title =        "A fourth-order numerical method for the planetary
geostrophic equations with inviscid geostrophic balance",
  journal =      "Numerische Mathematik",
  volume =       "",
  year =         "2007",
  pages =        "669--705",
}
@Phdthesis{Sarthou,
  author =       "A. Sarthou",
  title =        "M\'ethodes de domaines fictifs d'ordres \'elev\'es pour les \'equations elliptiques et de
                 {N}avier--{S}tokes. Application au couplage fuide-structure",
  school =      "Universit\'e de Bordeaux I",
  year =         "2009",
}
@Article{Schonbek,
  author =	 "M. E. Schonbek",
  title =	 "${L^2}$ decay for weak
                  solutions of the {N}avier--{S}tokes equations",
  journal =	 "Arch. Rat. Mech. Anal.",
  volume =	 "88",
  year =	 "1985",
  pages =	 "209--222",
}

@Article{Schreiber-Keller,
  author=         "R. Schreiber and H. B. Keller:",
  title=          "Driven cavity flows by efficient numerical techniques",
  journal=        "J. Comput. Phys.",
  volume=         "49",
  year=           "1983",
  pages=          "310--333",
}

@Book{Schumacker,
  author =       " L.L. Schumaker",
  title =        "Spline functions: Basic Theorty",
  edition =      "",
  publisher =    "Cambridge Univ. Press",
  year =         "2007",
}
@Article{Schwartz-Barad-Colella-Ligocki,
  author =       "P. Schwartz and M. Barad and P. Colella and T. Ligocki",
  title =        "A Cartesian grid embedded boundary method for the
heat equation and {P}oissons equation in three dimensions",
  journal =      "J. Comput. Phys.",
  volume =       "211",
  year =         "2006",
  pages =        "531--550",
}
@Phdthesis{Selva1,
  author =       "G. Selva",
  title =        "M?thodes it?ratives pour l'int?gration
implicite des ?quations de l'a?rothermochimie sur des maillages non-structur?s",
  school =      " Ecole Centrale de Paris ",
  year =         "1988",
}
@Article{Sengupta-1,
  author =	 " T.K. Sengupta and G. Ganeriwal and D. De",
  title =	 "Analysis of central and upwind compact schemes",
  journal =	 "J. Comput. Phys.",
  volume =	 "192",
  year =	 "2003",
  pages =	 "677--694",
}
@article {Serre,
    AUTHOR = {D. Serre},
     TITLE = {Stabilit\'{e} {$L^1$} pour les lois de conservation visqueuses},
   JOURNAL = {Comptes Rendus Acad. Sci. Paris S\'er. I Math.},
    VOLUME = {323},
      YEAR = {1996},
    NUMBER = {},
     PAGES = {359--363},
}
@Article{Serrin,
  author =	 "J. Serrin",
  title =	 "On the interior regularity of weak
solutions of the {N}avier--{S}tokes equations",
  journal =	 "Arch. Rat. Mech. Anal.",
  volume =	 "9",
  year =	 "1962",
  pages =	 "187--195",
}
@Article{Shahbazi-Fischer-Ethier,
  author =	 "K. Shahbazi and P. F. Fischer and C.R. Ethier",
  title =	 "A high-order discontinuous {G}alerkin method for the unsteady incompressible 
                  {N}avier--{S}tokes equations",
  journal =	 "J. Comput. Phys.",
  volume =	 "222",
  year =	 "2007",
  pages =	 "391--407",
}
@Article{Shamir-Paldor,
  author =	 "O. Shamir and N. Paldor",
  title =	 "A quantitative test case for global-scale dynamical cores based on analytic wave solutions of the shallow-water equations",
  journal =	 "Quat. Jour. Roy. Met. Soc.",
  volume =	 "",
  year =	 "2016",
  pages =	 "electronic edition",
}
@Article{Shankar-Deshpande,
  author =       "P. N. Shankar and M. D. Deshpande",
  title =        "Fluid mechanics in the driven cavity",
  journal =      "Annu. Rev. Fluid Mech.",
  volume =       "32",
  year =         "2000",
  pages =        "93--136",
}
@Article{Shao-Wu-Chen,
  author =	 "W. Shao and X. Wu and S. Chen",
  title =	 "Chebyshev tau meshless method based on the integration-differentiation for
Biharmonic-type equations on irregular domain",
  journal =	 "Eng. Anal. with Boundary Elements",
  volume =	 "36",
  year =	 "2012",
  pages =	 "1787--1798",
}
@Article{Shen,
  author =       "J. Shen",
  title =        "Hopf bifurcation of the unsteady regularized
                  driven cavity",
  journal =      "J. Comput. Phys.",
  volume =       "95",
  year =         "1991",
  pages =        "228--245",
}
@Article{Shen1,
  author =       "J. Shen",
  title =        " Efficient {S}pectral-{G}alerkin method {I}. {D}irect solvers of second and fourth order
equations using {L}egendre polynomials",
  journal =      "SIAM J. Sci. Comput.",
  volume =       "15",
  year =         "1994",
  pages =        "1440--1451",
}
@Article{Shen2,
  author =       "J. Shen",
  title =        " Efficient {S}pectral-{G}alerkin method {II}. {D}irect solvers of second and fourth order
equations using {C}hebyshev polynomials",
  journal =      "SIAM J. Sci. Comput.",
  volume =       "16",
  year =         "1995",
  pages =        "74--87",
}
@Article{Sherer-Scott,
  author =	 "S.E. Sherer and J.N. Scott",
  title =	 "High order compact finite difference methods on general
                  overset grids",
  journal =	 "J. Comput. Phys.",
  volume =	 "210",
  year =	 "2005",
  pages =	 "459--496",
}
@inproceedings{Shima-Kitamura-Fujimoto,
  author = "E. Shima and K. Kitamura and K. Fujimoto",
  title =  "New gradient calculation method for MUSCL type CFD schemes 
in arbitrary polyhedral grids",
  organization = "AIAA",
  year = "2010",
  series ="AIAA",
  number="2010-1081",
  pages="1--15"
}
@article{Shima-Kitamura-Haga,
  author =       "E. Shima and K. Kitamura and T. Haga",
  title =        " Green-Gauss/Weighted -Least Squares hybrid reconstruction
for arbitrary polyhedra unstructured grids",
  journal =      "AIAA Journal",
  volume=        "51",
  number=        "11",
  year=          "2013",
  pages=         "2740--2747"
}
@Article{Shiraishi-Matsuoka,
  author =       "K. Shiraishi and T. Matsuoka",
  title =        " Wave propagation simulation using the {CIP} method of characteristics equations",
  journal =      "Comm. Comput. Physics",
  volume =       " 3",
  year =         "2008",
  pages =        "121-135",
}
@book{Shokin,
 AUTHOR =        {Yu.I. Shokin},
 TITLE =         {The method of differential approximations},
 PUBLISHER =      {Springer},
 SERIES=          {Springer Series in Computational Physics},
 VOLUME=          {},
 YEAR =           {1983},
}
@Article{Shortley-Weller,
  author =       "G. H. Shortley and R. Weller",
  title =        "The numerical solution of Laplace's equation",
  journal =      "J. App. Phys.",
  volume =       "9",
  year =         "1938",
  pages =        "334--348",
}
@incollection{Shu-1,
  author = "C.-W. Shu",
  title =  " High order {ENO} and {WENO} schemes",
  booktitle=" High-Order Methods for Computational Physics",
  editor=" Barth, T.J. and Deconinck, H.",
  series= "Lecture Notes in Computational Science and Engineering",
  publisher="Springer-Verlag",
  year="1999",
  address="Heidelberg",
  pages="439--582",
}
@Article{Shu-Osher-1,
  author =	 "C.-W. Shu and S. Osher",
  title =	 " Efficent implementation of essentially
non-oscillatory shock-capturing schemes",
  journal =	 "J. Comput. Phys.",
  volume =	 "77",
  year =	 "1988",
  pages =	 "439--471",
}
@Article{Shu-Osher-2,
  author =	 "C.-W. Shu and S. Osher",
  title =	 " Efficent implementation of essentially
non-oscillatory shock-capturing schemes {II}",
  journal =	 "J. Comput. Phys.",
  volume =	 "83",
  year =	 "1989",
  pages =	 "32--78",
}
@Article{Shu-Zhang,
  author =       "M. Zhang and C.-W. Shu",
  title =        "An analysis of and a comparison between the discontinuous
{G}alerkin and the spectral finite volume method",
  journal =      "Comput. Fluids",
  volume =       "34",
  year =         "2005",
  pages =        "581-592",
}
@Article{Shukla-Tatinemi-Zhong,
  author =       "R.K. Shukla and  M. Tatinemi and X. Zhong",
  title =        "Very high-order compact finite difference schemes on 
                  non-uniform grids for incompressible {N}avier--{S}tokes equations",
  journal =      "J. Comput. Phys.",
  volume =       "224",
  year =         "2007",
  pages =        "1064--1094",
}
@Article{Shukla-Zhong,
  author =       "R.K. Shukla and  X. Zhong",
  title =        "Derivation of high--order compact finite difference schemes
                  for non--uniform grid using polynomial interpolation",
  journal =      "J. Comput. Phys.",
  volume =       "204",
  year =         "2005",
  pages =        "404--429",
}
@Book{Simmonds,
  author =       "J. G. Simmonds",
  title =        "A {B}rief on {T}ensor {A}nalysis",
  edition =      "2cd",
  publisher =    "Springer",
  series=        "Undergraduate Texts in Math.",
  year =         "1994",
}
@Article{Simons-1,
  author =       "F. A. Dahlen and F. J. Simons",
  title =        "Spectral estimation on a sphere in geophysics and cosmology",
  journal =      "Geophys. J. Int.",
  volume =       "174",
  year =         "2008",
  pages =        "774-807",
}
@Article{Simons-2,
  author =       "F. J. Simons and F. A. Dahlen and M.A. Wieczorek",
  title =        "Spatiospectral Concentration on a Sphere",
  journal =      "SIAM Review",
  volume =       "48",
  year =         "2006",
  pages =        "504-536",
}
@Article{Simons-3,
  author =       "F. J. Simons and F. A. Dahlen",
  title =        "Spherical Slepian functions and the polar gap in geodesy",
  journal =      "Geophysical J. Int.",
  volume =       "166",
  year =         "2006",
  pages =        "1039-1061",
}
@Article{Simons-4,
  author =       "F. J. Simons and J.C. Hawthorne and C.D. Beggan",
  title =        "Efficient analysis and representation of geophysical processes using localized spherical basis functiions",
  journal =      "Proc. SPIE",
  volume =       "7446",
  year =         "",
  pages =        "",
}
@Article{Sjoegreen,
  author =	 "B. Sj{\"{o}}green",
  title =	 "High-order finite difference and finite volume methods 
for advection on the sphere",
  journal =	 "J. Sci. Comput.",
  volume =	 "51",
  year =	 "2012",
  pages =	 "703--732",
}
@Article{Sloan-Womersley,
  title={Extremal systems of points and numerical integration on the sphere},
  author={I.H. Sloan and R. S. Womersley},
  journal={Advances in Computational Mathematics},
  volume={21},
  number={1-2},
  pages={107--125},
  year={2004},
  publisher={Springer}
}
@Article{Sloan-Womersley-2,
  title={A variational characterisation of spherical designs},
  author={Sloan, Ian H and Womersley, Robert S},
  journal={Journal of Approximation Theory},
  volume={159},
  number={2},
  pages={308--318},
  year={2009},
  publisher={Elsevier}
}

@Article{Sloan-Womersley-3,
  title={Good approximation on the sphere, with application to geodesy and the scattering of sound},
  author={Sloan, Ian H and Womersley, Robert S},
  journal={Journal of computational and applied mathematics},
  volume={149},
  number={1},
  pages={227--237},
  year={2002},
  publisher={Elsevier}
}

@Article{Smith,
  author =       "R. Smith",
  title =        " Optimal and near optimal advection-diffusion finite difference schemes, II - Unsteadiness and non-uniform grid",
  journal =      "Proc. Roy. Soc. Lond.",
  volume =       " A456",
  year =         "",
  pages =        "489--502",
}
@Article{Smith1,
  author =       "J. Smith",
  title =        "The coupled equation approach to the numerical solution of the biharmonic equation by finite differences. {I}",
  journal =      "SIAM J. Numer. Anal.",
  volume =       "5",
  year =         "1968",
  pages =        "323--339",
}
@Article{Smith2,
  author =       "J. Smith",
  title =        "The coupled equation approach to the numerical solution of the biharmonic equation by finite differences. {II}",
  journal =      "SIAM J. Numer. Anal.",
  volume =       "7",
  year =         "1970",
  pages =        "104--111",
}
@Article{Sonar-1,
  author =	 "T. Sonar",
  title =	 "On families of pointwise optimal finite volume {ENO} approximations",
  journal =	 "SIAM J. Numer. Anal.",
  volume =	 "35",
  year =	 "1998",
  pages =	 "2350--2369",
}
@Article{Sonar-2,
  author =	 " T. Sonar",
  title =	 "On the construction of essentially non-oscillatory finite volume approximations to
hyperbolic conservation laws on general triangulations: polynomial recovery, accuracy and stencil selection",
  journal =	 "Comput. methods Appl. mech. Engrg",
  volume =	 "140",
  year =	 "1997",
  pages =	 "157--181",
}
@Article{Sonar-3,
  author =	 " T. Sonar",
  title =	 "Optimal recovery using thin plate splines in finite volume methods for the numerical solution of hyperbolic conservation laws",
  journal =	 "IMA Journal of Numerical Analysis",
  volume =	 "16",
  year =	 "1996",
  pages =	 "549--581",
}
@inproceedings{Sozer-Brehm-Kiris,
  author = "E. Sozer and C. Brehm and C.C. Kiris",
  title =  "Gradient calculation methods on arbitrary polyhedral unstructured 
meshes for cell-centered CFD solvers",
  organization = "AIAA",
  year = "2014",
  series ="AIAA",
  number="2014-1440",
  pages="1--24"
}
@Article{Spalart-Moser-Rogers,
  author =       "P.R. Spalart and R.D. Moser and M.M. Rogers",
  title =        "Spectral Methods for the {N}avier--{S}tokes equations with one infinite and two periodic directions",
  journal =      "J. Comput. Phys.",
  volume =       "96",
  year =         "1991",
  pages =        "297--324",
} 

@Article{Spotz-Taylor-Swarztrauber,
  author =       "W.F. Spotz and M.A. Taylor and P.N. Swarztrauber",
  title =        "Fast shallow-water equations solvers in latitude-longitude coordinates",
  journal =      "J. Comput. Phys.",
  volume =       "145",
  year =         "1998",
  pages =        "432--",
}
@Article{Starck-Moudden-Abrial-Nguyen,
  author =	 "J.-L. Starck and Y. Moudden and P. Abrial and M. Nguyen",
  title =	 "Wavelets, ridgelets and curvelets on
                  the sphere",
  journal =	 "Astronomy and Astrophysics",
  volume =	 "446",
  year =	 "2006",
  pages =	 "1191--1204",
}
@Book{Starck-Murtagh-Bijaoui,
  author =       " J-L. Starck and F.  Murtagh and A. Bijaoui",
  title =        "Image processing and data analysis: a multiscale approach",
  edition =      "",
  publisher =    "Cambridge Univ. Press",
  year =         "1998",
}
@Article{Stephenson,
  author =       "J. W. Stephenson",
  title =        "Single cell discretizations of order two
                 and four for biharmonic problems",
  journal =      "J. Comput. Phys.",
  volume =       "55",
  year =         "1984",
  pages =        "65--80",
}
@Book{Strikwerda,
  author =       "J. Strikwerda",
  title =        "Finite {D}ifference {S}chemes and {P}artial {D}ifferential {E}quations",
  publisher =    "SIAM",
  year =         "2004",
  edition=       "2-nd",
}
@Article{Sun,
  author =       "W. Sun",
  title =        "Orthogonal collocation solution of biharmonic equations",
  journal =      "Int. J. Comput. Math",
  volume =       "49",
  year =         "1993",
  pages =        "2221--232",
}
@Proceedings{Sun-Wang,
  author =        "Y. Sun and Z.J. Wang",
  title =         "Evaluation of Discontinuous
{G}alerkin and {S}pectral {V}olume methods for Conservation
Laws on Unstructured Grids",
  year =         "2003",
  organization="AIAA",
  number= "0253",
}
@Article{Svard-Nordstrom,
  author =	 "M. Sv{a}rd and J. Nordstr{o}m",
  title =	 "On the order of accuracy for difference approximations of initial-boundary value problems",
  journal =	 "J. of Comput. Phys.",
  volume =	 "218",
  year =	 "2006",
  pages =	 "333--352",
}
@Article{Swarztrauber,
 author =        "P. Swarztrauber",
  title =        "Fast {F}ourier {T}ransform {A}lgorithms for {V}ector {C}omputers",
  journal =      "Parallel Computing",
  volume =       "",
  year =         "1984",
  pages =        "45--63",
}
@Article{Swarztrauber-2,
 author =        "P. Swarztrauber",
  title =        "Spectral trasform methods for solving the shallow water equations on the sphere",
  journal =      "Mon. Wea. Rev",
  volume =       "124",
  year =         "1996",
  pages =        "730--744",
}
@Article{Swarztrauber-Williamson-Drake,
  author =       "P. N. Swarztrauber and D.L. Williamson and J.B. Drake",
  title =        "The Cartesian Method for solving partial differential equations in spherical geometry",
  journal =      "Dynamics of Oceans and Atmospheres",
  volume =       "27",
  year =         "1997",
  pages =        "679--706",
}
@Article{Tam-Webb,
  author =	 "C. K. W. Tam and J. C. Webb",
  title =	 "Dispersion-relation-preserving finite difference schemes for computational acoustics",
  journal =	 "J. Comput. Phys.",
  volume =	 "107",
  year =	 "1993",
  pages =	 "262--281",
}
@Article{Tegmark,
  author =       "M. Tegmark",
  title =        "An icosahedron-based method for pixelizing
the celestial sphere",
  journal =      "Astrophysical Journal",
  volume =       "470, L81",
  year =         "2008",
  pages =        "",
}

@Book{Temam1,
  author =       "R. Temam",
  title =        "{N}avier--{S}tokes {E}quations",
  publisher =    "AMS Edition",
  year =         "2001",
}

@Article{Temam2,
  author =       "R. Temam",
  title =        "Sur l'approximation de la solution des \'equations de
                 {N}avier--{S}tokes par la m\'ethode des pas fractionnaires
                 {II}",
  journal =      "Arch. Rat. Mech. Anal.",
  volume =       "33",
  year =         "1969",
  pages =        "377--385",
}

@Article{Tezduyar,
  author =       "T. E. Tezduyar and J. Liou and D. K. Ganjoo and M.
                 Behr",
  title =        "Solution techniques for the vorticity-streamfunction
                 formulation of the two-dimensional unsteady
                 incompressible flows",
  journal =      "Int. J. Numer. Meth. in Fluids",
  volume =       "11",
  year =         "1990",
  pages =        "515--539",
}
@Article{Thomas-Loft,
  author =       "S. J. Thomas and R. D. Loft",
  title =        "Semi-implicit spectral element atmospheric model",
  journal =      "J. Sci. Comput.",
  volume =       "17",
  year =         "2002",
  pages =        "339--350",
}
@Article{Thomas-Trujillo,
  author =       "T. Arbogast and Z. Chen",
  title =        "Mixed Finite Volume methods",
  journal =      "Int. J. Numer. Meth. in Eng.",
  volume =       "45",
  year =         "1999",
  pages =        "",
}
@Article{Thornber1,
  author =	 "B. Thornber and A. Mosedale and D. Drikakis and D. Youngs and R.J.R. Williams",
  title =	 "An improved reconstruction method for compressible
flows with low Mach number features",
  journal =	 "J. Comp. Phys.",
  volume =	 "227",
  year =	 "2008",
  pages =	 "4873--4894",
}
@Article{Tian-Yu,
  author =	 "Z. F. Tian and P. X. Yu",
  title =	 "An efficient compact difference scheme for solving
the streamfunction formulation of the incompressible {N}avier--{S}tokes equations",
  journal =	 "J. Comp. Phys.",
  volume =	 "230",
  year =	 "2011",
  pages =	 "6404--6419",
}
@Book{Tolstykh,
  author =       "A. I. Tolstykh",
  title =        "High Accuracy Non-centered Compact Difference Schemes for fluid dynamics Applications",
  publisher =    "World Scientifi",
  year =         "1994",
}
@Article{Traub,
  author =       "J.F. Traub",
  title =        "On {L}agrange-{H}ermite interpolation",
  journal =      "SIAM J. App. Math.",
  volume =       "12",
  number = "4",
  year =         "1964",
  pages =        "886--891",
}
@Book{Trefethen,
  author =       "N. Trefethen",
  title =        "Spectral methods in matlab",
  publisher =    "SIAM",
  collection = "Software - Environments - Tools",
  year =         "2000",
}
@Article{Tsai-Young-Hsiang,
  author =	 "C. H. Tsai and D. L. Young and C. C. Hsiang",
  title =	 "The localized quadrature method for two-dimensional streamfunction
formulation of {N}avier--{S}tokes equations",
  journal =	 "Eng. Anal. with Bound. Elem.",
  volume =	 "35",
  year =	 "2011",
  pages =	 "1190--1203",
}
@incollection{Tullio-Verzicco-Iaccarino,
  author =	 "M.D. de Tullio and R. Verzicco and G. Iaccarino",
  title =	 "{I}mmersed {B}oundary {T}echniques for {L}arge-{E}ddy-{S}imulation",
  booktitle=     "Large eddy simulation and related techniques",
  publisher =	 "Von Karman Institute",
  series =       "VKI Lectures Series 2010-04",
  year   =       "2010", 
  editor =       "U. Piomelli and C. Benocci and J.P.A.J. van Beeck",
  type =	 "VKI Course Notes",
}
@Article{Turkel-Yefet,
  author =       "E. Turkel and A. Yefet",
  title =        "Fourth order accurate compact implicit method for the Maxwell
equations",
  journal =      "IEEE Trans. Antennas Prop.",
  volume =       "",
  year =         "1988",
  pages =        "",
}
@Article{Turner-Truscott,
  author =       "S.L. Truscott, I.W. Turner",
  title =        " An investigation of Spatial and Temporal Weighting Schemes for use in Unstructured Mesh Control Volume Finite Element Methods",
  journal =      "ANZIAM J.",
  volume =       "",
  year =         "",
  pages =        "",
}
@Article{Ullrich-Jablonowski-vanLeer,
  author =	 "P. A. Ullrich and C. Jablonowski and B. van Leer",
  title =	 "High order finite-volume methods for the shallow-water equations on the sphere",
  journal =	 "J. Comput. Phys.",
  volume =	 "229",
  year =	 "2010",
  pages =	 "6104--6134",
}
@article{Vagelopoulos1998513,
title = "Direct experimental determination of laminar flame speeds ",
journal = "Symposium (International) on Combustion ",
volume = "27",
number = "1",
pages = "513 - 519",
year = "1998",
note = "Twenty-Seventh Sysposium (International) on Combustion Volume One ",
issn = "0082-0784",
doi = "http://dx.doi.org/10.1016/S0082-0784(98)80441-4",
url = "http://www.sciencedirect.com/science/article/pii/S0082078498804414",
author = "Christine M. Vagelopoulos and Fokion N. Egolfopoulos"
}
@Article{Van-Leer1,
  author = 	 {Van Leer, B.},
  title = 	 {Towards the Ultimate Conservative
Difference Scheme. {V}. A Second Order Sequel to {G}odunov's method},
  journal = 	 {J.
Comput. Phys.},
  year = 	 {1979},
  OPTkey = 	 {},
  OPTvolume = 	 {32},
  OPTnumber = 	 {},
  OPTpages = 	 {101-136},
  OPTmonth = 	 {},
  OPTnote = 	 {},
  OPTannote = 	 {}
}
@Article{Van-Leer2,
  author = 	 {Van Leer, B},
  title = 	 {Towards the Ultimate Conservative
Difference Scheme. {IV}. A New Approach to Numerical Convection},
  journal = 	 {J.
Comput. Phys.},
  year = 	 {1977},
  OPTkey = 	 {},
  OPTvolume = 	 {23},
  OPTnumber = 	 {},
  OPTpages = 	 {276-299},
  OPTmonth = 	 {},
  OPTnote = 	 {},
  OPTannote = 	 {}
}

@Book{VanLoan,
  author =       "C. {Van Loan}",
  title =        "Computational Frameworks for the {F}ast {F}ourier {T}ransform",
  series=        "Frontiers in Applied Mathematics",
  volume =       "10",
  publisher =    "SIAM",
  year =         "1992",
}
@Book{Varga1,
  ALTauthor = 	 {Varga, R.S},
  ALTeditor = 	 {},
  title = 	 {Ger\v sgorin and His Circles},
  publisher = 	 {Springer Verlag},
  year = 	 {2004},
  OPTkey = 	 {},
  OPTvolume = 	 {},
  OPTnumber = 	 {},
  OPTseries = 	 {},
  OPTaddress = 	 {Berlin},
  OPTedition = 	 {},
  OPTmonth = 	 {},
  OPTnote = 	 {},
  OPTannote = 	 {}
}
@Techreport{Vaught,
  author =       "A. Vaught",
  title =        "{\it g95} {M}anual",
  institution =   "http://www.g95.org",
  year =         "",
  number =        "",
}
@Article{Visbal-Gaitonde,
  author =       "M. R. Visbal and D. V. Gaitonde",
  title =        "On the use of higher order finite difference schemes
on curvilinear and deforming meshes",
  journal =      "J. Comput. Phys.",
  volume =       "181",
  year =         "2002",
  pages =        "155--185",
}
@Article{Vishik-Friedlander,
  author =       "M. Vishik and S. Friedlander",
  title =        "Nonlinear instability in two-dimensional ideal fluids: {T}he case of
                  a dominant eigenvalue",
  journal =      "Comm. Math. Phys.",
  volume =       "243",
  year =         "2003",
  pages =        "261--273",
}
@incollection{Vuillot-Lupoglazoff-Huet,
author =       "F. Vuillot and F. Cl\'erot and M. Huet",
title =         "Effect of a pylon on double stream jet noise from hybrid CAA computations",
booktitle=      "AIAA/CEAS Aeroacoustics Conference, 16th, Stockholm,
                Sweden, June 7-9, 2010",
publisher=      "AIAA",
year =         "2010",
pages =        "",
}
@Article{Wang-Zhang,
  author =	 " Yin Wang and Jun Zhang",
  title =	 "Sixth order compact scheme combined with multigrid method and extrapolation technique for {2D} {P}oisson equation",
  journal =	 "J. Comput. Phys.",
  volume =	 "",
  year =	 "2009",
  pages =	 "",
}

@Article{Wayne,
  author =       "C. E. Wayne",
  title =        "Vortices and two-dimensional fluid motion",
  journal =      "Notices of the AMS",
  volume =       "58",
  number =       "1",
  year =         "2011",
  pages =        "10--19",
}
@Book{Weinberger,
  author =       "H. F. Weinberger",
  title =        "A First Course on Partial Differential Equations
                  with Complex Variables and Transform Methods",
  edition =      "",
  publisher =    "Dover",
  series =        "",
  year =         "1995",
}
@Article{Wendland,
  author =	 " H. Wendland",
  title =	 "On the convergence of a general class of finite volume methods",
  journal =	 "SIAM J. Numer. Anal.",
  volume =	 "43",
  year =	 "2005",
  pages =	 "987-1002",
}
@book{Wendland1,
    AUTHOR = {H. Wendland},
     TITLE = {Scattered Data Approximation},
 PUBLISHER = {Cambridge Univ. Press.},
   ADDRESS = {},
      YEAR = {2004},
    NUMBER = {},
     PAGES = {--},
}
@Article{Wheeler,
  author =       "B. Rivi\`ere and M. Wheeler",
  title =        "A posteriori Error estimates and Mesh Adaptation Strategy
for Discontinuous {G}alerkin Methods Applied to Diffusion Problems",
  journal =      "Computers and Mathematics with applications",
  volume =       "46",
  year =         "2003",
  pages = "141-163"
}
@Article{Whitney,
  author =	 " Whitney",
  title =	 "",
  journal =	 "",
  volume =	 "",
  year =	 "",
  pages =	 "",
}
@Article{Williamson,
  author =       "D. L. Williamson",
  title =        "The evolution of dynamical cores for global atmospheric models",
  journal =      "J. Meteo. Soc. Japan",
  volume =       "85B",
  year =         "2007",
  pages =        "241--269",
}

@Article{Williamson-Drake-Hack-Jakob-Swarztrauber,
  author =       "D.L. Williamson and J.B. Drake and J.J. Hack and R. Jakob and P. N. Swarztrauber",
  title =        "A standard test set for numerical approximations to the shallow water equations in spherical geometry",
  journal =      "J. Comput. Phys.",
  volume =       "102",
  year =         "1992",
  pages =        "211--224",
}
@misc{Winkler-Dorgan-Mani,
  author = "C-M. Winkler and J. Dorgan and M. Mani",
  title =  "  The effect of unstructured grid topology and resolution on simulations of decaying turbulence",
  howpublished = "27th Int. Congress of the aeronautical sciences",
  year = "2010",
}
@Article{Woodward-Colella,
  author =	 " P. Woodward and P. Colella",
  title =	 "The numerical simulation of two-dimensional fluid flow 
with strong shocks",
  journal =	 "J. Comput. Phys.",
  volume =	 "54",
  year =	 "1984",
  pages =	 "115--173",
}
@techreport{Wornom-1,
  author =  "S. Wornom",
  title =     "Application of compact difference schemes to the conservative Euler equations for one-dimensional flows",
  institution = "NASA",
  type =  "Tech. Mem", 
  number = "83262",
  year = "1982",
}
@article{Wornom-Hafez,
  author =       "S.F. Wornom, M.M. Hafez",
  title =        "Application of compact difference schemes to the conservative {E}uler equations for one-dimensional flows",
  journal =      "AIAA Journal",
  volume=        "24",
  year=          "1986",
  pages=         "215--233"
}
@Article{Yang,
  author =       "D. Yang",
  title =        "Finite Elements for Elliptic Problems with Wild Coefficients",
  journal =      "Mathematics and Computers in Simulation",
  volume =       "54",
  year =         "2000",
  pages =        "383--395",
}
@Article{Yang-Chen-Przekwas-Dudley,
  author =	 "H. Q. Yang and Z. J. Chen and A. Przekwas and J. Dudley",
  title =	 "A high-order {CFD} method using successive differentiation",
  journal =	 "J. Comput. Phys.",
  volume =	 "281",
  year =	 "2015",
  pages =	 "690--707",
}
@unpublished{Ye-Q,
  author =	 "Q. Ye",
  title =	 "Accurate Computations of Eigenvalues of Extremely Ill-conditioned Matrices and Differential
Operators",
  note=       "Preprint, arXiv",
  year =	 "2015",
}

@Book{Yoccoz,
  author =       "J-C. Yoccoz",
  title =        "Cours de Topologie - Calcul diff\'erentiel - Equations diff\'erentielles",
  edition =      "{U}niversit\'e de {P}aris-{S}ud",
  publisher =    "{P}aris {O}nze {E}ditions",
  year =         "",
}

@Article{Yoon-Kim-Kim,
  author =	 "S.-H. Yoon and C. Kim and K.-H. Kim",
  title =	 "Multi-dimensional limiting process for three-dimensional flow physics analyses",
  journal =	 "J. Comp. Phys.",
  volume =	 "227",
  year =	 "2008",
  pages =	 "6001--6043",
}
@Article{Yuan-Shu,
 author = {L. Yuan and  C.-W. Shu},
 title = {Discontinuous {G}alerkin method based on non-polynomial approximation spaces},
 journal = {J. Comput. Phys.},
 volume = {218},
 year = {2006},
 pages = {295--323},
}
@Book{Yudovich,
  author =       "V. I. Yudovich",
  title =        "The Linearization Method in Hydrodynamical Stability Theory",
  publisher =    "AMS",
  series=        "American Mathematical Society Translations",
  year =         "1989",
}
@article{Zhang,
  author =        "J. Zhang",
  title =         "An explicit fourth-order compact finite difference
scheme for three dimensional convection-diffusion equation",
  journal =       "Comm. Numer. Meth",
  volume=         "14",
  year=           "1998",
  pages=          "263--280"
}
@article{ZhangH-1,
  author =        "H. Zhang",
  title =         "Expanded cubic grid for global atmospheric modeling",
  journal =       "Preprint",
  volume=         "",
  year=           "",
  pages=          "1-10"
}
@Article{Zhou,
  author =       "G. Zhou",
  title =        "How accurate is the stramline diffusion finite element method ?",
  journal =      "Math. Comput.",
  volume =       "66, 217",
  year =         "1997",
  pages =        "31--44",
}
@Article{Zhou-Causon-Mingham-Ingram,
  author =	 " J.G. Zhou and D.M. Causon and C.G. Mingham and D.M. Ingram",
  title =	 "The surface gradient method for the treatment of source 
terms in the shallow-water equations",
  journal =	 "J. Comput. Physics",
  volume =	 "168",
  year =	 "2001",
  pages =	 "1-25",
}
@Book{deBoor,
  author =       "C. de Boor",
  title =        "A {P}ractical {G}uide to {S}plines",
  edition =      "",
  publisher =    "Springer-Verlag",
  year =         "1978",
}
