
@phdthesis{Abbas2011,
author = {Abbas, Ali},
title = {{Schémas boîte hermitiens - Algorithmes rapides pour la discrétisation des équations aux dérivées partielles}},
year = {2011},
school = {Université Paul Verlaine - Metz}
}

@article{Ahrens2009,
  title={Rotationally invariant quadratures for the sphere},
  author={Ahrens, Cory and Beylkin, Gregory},
  journal={Proceedings of the Royal Society of London A: Mathematical, Physical and Engineering Sciences},
  volume={465},
  number={2110},
  pages={3103--3125},
  year={2009},
  organization={The Royal Society}
}

@book{Ames2014,
  title={Numerical methods for partial differential equations},
  author={Ames, William F},
  year={2014},
  publisher={Academic press}
}

@article{Archibald2011,
  title={Multiwavelet discontinuous Galerkin-accelerated exact linear part (ELP) method for the shallow-water equations on the cubed sphere},
  author={Archibald, Rick and Evans, Katherine J and Drake, John and White III, James B},
  journal={Monthly Weather Review},
  volume={139},
  number={2},
  pages={457--473},
  year={2011}
}

@book{Atkinson2012,
  title={Spherical harmonics and approximations on the unit sphere: an introduction},
  author={Atkinson, Kendall and Han, Weimin},
  volume={2044},
  year={2012},
  publisher={Springer Science \& Business Media}
}

@article{BenArtzi2005,
  title={A pure-compact scheme for the streamfunction formulation of Navier--Stokes equations},
  author={Ben-Artzi, Matania and Croisille, Jean-Pierre and Fishelov, Dalia and Trachtenberg, Shlomo},
  journal={Journal of Computational Physics},
  volume={205},
  number={2},
  pages={640--664},
  year={2005},
  publisher={Elsevier}
}

@article{BenArtzi2009,
  title={Hyperbolic conservation laws on the sphere. A geometry-compatible finite volume scheme},
  author={Ben-Artzi, Matania and Falcovitz, Joseph and LeFloch, Philippe G},
  journal={Journal of Computational Physics},
  volume={228},
  number={16},
  pages={5650--5668},
  year={2009},
  publisher={Elsevier}
}


@book{BenArtzi2013,
  title={Navier-Stokes equations in planar domains},
  author={Ben-Artzi, Matania and Croisille, Jean-Pierre and Fishelov, Dalia},
  year={2013},
  publisher={World Scientific}
}

@book{Bouchut2004,
   title = "Nonlinear stability of finite volume methods for hyperbolic conservation laws and well-balanced schemes for sources",
   author = "Bouchut, François",
   series = "Frontiers in mathematics",
   publisher = "Birkhäuser",
   address = "Basel, Boston, Berlin",
   url = "http://opac.inria.fr/record=b1134936",
   isbn = "3-7643-6665-6",
   year = 2004
}

@article{Bogey2004,
  title={A family of low dispersive and low dissipative explicit schemes for flow and noise computations},
  author={Bogey, Christophe and Bailly, Christophe},
  journal={Journal of Computational physics},
  volume={194},
  number={1},
  pages={194--214},
  year={2004},
  publisher={Elsevier}
}


@article{Brachet2016,
  title={Stabilized times schemes for high accurate finite differences solutions of nonlinear parabolic equations},
  author={Brachet, Matthieu and Chehab, Jean-Paul},
  journal={Journal of Scientific Computing},
  volume={69},
  number={3},
  pages={946--982},
  year={2016},
  publisher={Springer}
}

@incollection{Burgers1948,
  title={A mathematical model illustrating the theory of turbulence},
  author={Burgers, Johannes Martinus},
  booktitle={Advances in applied mechanics},
  volume={1},
  pages={171--199},
  year={1948},
  publisher={Elsevier}
}

@book{Butcher2016,
  title={Numerical methods for ordinary differential equations},
  author={Butcher, John Charles},
  year={2016},
  publisher={John Wiley \& Sons}
}

@article{Chen2008,
  title={Shallow water model on cubed-sphere by multi-moment finite volume method},
  author={Chen, Chungang and Xiao, Feng},
  journal={Journal of Computational Physics},
  volume={227},
  number={10},
  pages={5019--5044},
  year={2008},
  publisher={Elsevier}
}

@article{Chu1998,
  title={A three-point combined compact difference scheme},
  author={Chu, Peter C and Fan, Chenwu},
  journal={Journal of Computational Physics},
  volume={140},
  number={2},
  pages={370--399},
  year={1998},
  publisher={Elsevier}
}

@book{Collatz2012,
  title={The numerical treatment of differential equations},
  author={Collatz, Lothar},
  volume={60},
  year={2012},
  publisher={Springer Science \& Business Media}
}

@book{Comtet2012,
  title={Advanced Combinatorics: The art of finite and infinite expansions},
  author={Comtet, Louis},
  year={2012},
  publisher={Springer Science \& Business Media}
}

@book{Conway2012,
  title={The book of numbers},
  author={Conway, John H and Guy, Richard},
  year={2012},
  publisher={Springer Science \& Business Media}
}

@article{Cook2005,
  title={Hyperviscosity for shock-turbulence interactions},
  author={Cook, Andrew W and Cabot, William H},
  journal={Journal of Computational Physics},
  volume={203},
  number={2},
  pages={379--385},
  year={2005},
  publisher={Elsevier}
}


@article{Courant1928,
  title={On The Partial Difference Equation op mathematical physics.},
  author={Courant, R and Friedrichs, K and Lewy, H},
  journal={Mathematische Annalen},
  volume={100},
  year={1928}
}


@article{Croisille2015,
  title={Hermitian approximation of the spherical divergence on the Cubed-Sphere},
  author={Croisille, Jean-Pierre},
  journal={Journal of Computational and Applied Mathematics},
  volume={280},
  pages={188--201},
  year={2015},
  publisher={Elsevier}
}


@book{Demailly2016,
  title={Analyse num{\'e}rique et {\'e}quations diff{\'e}rentielles-4{\`e}me Ed},
  author={Demailly, Jean-Pierre},
  year={2016},
  publisher={EDP sciences}
}

@phdthesis{Desquesnes2007,
author = {Desquesnes, Guillaume},
title = {{Couplage par recouvrement de maillages curviligne/cartésien pour la simulation en aéroaccoustique}},
year = {2007},
school = {Université Paris VI Pierre et Marie Curie}
}

@phdthesis{Dubois2016,
  title={Approximation volumes finis d’ordre {\'e}lev{\'e}-Flux dissipatifs en maillage quelconque et applications {\`a} la LES en a{\'e}rothermique cavit{\'e} nacelle {\`a} l’arr{\^e}t moteur},
  author={Dubois, Quentin},
  year={2016},
  school={Université de Lorraine}
}

@article{Evans1976,
  title={Generalized Vandermonde determinants and roots of unity of prime order},
  author={Evans, RJ and Isaacs, IM},
  journal={Proceedings of the American Mathematical Society},
  volume={58},
  number={1},
  pages={51--54},
  year={1976}
}

@article{Jiang2001,
  title={Weighted compact scheme for shock capturing},
  author={Jiang, Li and Shan, Hua and Liu, Chaoqun},
  journal={International Journal of Computational Fluid Dynamics},
  volume={15},
  number={2},
  pages={147--155},
  year={2001},
  publisher={Taylor \& Francis}
}

@article{Fornberg2014,
  title={On spherical harmonics based numerical quadrature over the surface of a sphere},
  author={Fornberg, Bengt and Martel, Jordan M},
  journal={Advances in Computational Mathematics},
  volume={40},
  number={5-6},
  pages={1169--1184},
  year={2014},
  publisher={Springer}
}


@article{Frye2012,
  title={Spherical Harmonics in p Dimensions},
  author={Frye, Christopher and Efthimiou, Costas J},
  journal={arXiv preprint arXiv:1205.3548},
  year={2012}
}

@article{Galewsky2004,
  title={An initial-value problem for testing numerical models of the global shallow-water equations},
  author={Galewsky, Joseph and Scott, Richard K and Polvani, Lorenzo M},
  journal={Tellus A},
  volume={56},
  number={5},
  pages={429--440},
  year={2004},
  publisher={Wiley Online Library}
}

@book{Hardy2000,
  title={Divergent series},
  author={Hardy, Godfrey Harold},
  volume={334},
  year={2000},
  publisher={American Mathematical Soc.}
}

@article{Haurwitz1940,
  title={The motion of atmospheric disturbances on the spherical earth},
  author={B. Haurwitz},
  journal={J. of Marine Res.},
  volume={3},
  pages={254--267},
  year={1940},
}

@incollection{Hesse2010,
  title={Numerical integration on the sphere},
  author={Hesse, Kerstin and Sloan, Ian H and Womersley, Robert S},
  booktitle={Handbook of Geomathematics},
  pages={1185--1219},
  year={2010},
  publisher={Springer}
}


@book{Hirsch2007,
  title={Numerical computation of internal and external flows: The fundamentals of computational fluid dynamics},
  author={Hirsch, Charles},
  year={2007},
  publisher={Butterworth-Heinemann}
}

@book{Hundsdorfer2013,
  title={Numerical solution of time-dependent advection-diffusion-reaction equations},
  author={Hundsdorfer, Willem and Verwer, Jan G},
  volume={33},
  year={2013},
  publisher={Springer Science \& Business Media}
}

@article{Katta2015,
  title={High-order finite volume shallow water model on the cubed-sphere: 1D reconstruction scheme},
  author={Katta, Kiran K and Nair, Ramachandran D and Kumar, Vinod},
  journal={Applied Mathematics and Computation},
  volume={266},
  pages={316--327},
  year={2015},
  publisher={Elsevier}
}

@incollection{Keller1971,
  title={A new difference scheme for parabolic problems},
  author={Keller, Herbert B},
  booktitle={Numerical Solution of Partial Differential Equations--II},
  pages={327--350},
  year={1971},
  publisher={Elsevier}
}

@article{Kim1996,
  title={Optimized compact finite difference schemes with maximum resolution},
  author={Kim, Jae W and Lee, Duck J},
  journal={AIAA journal},
  volume={34},
  number={5},
  pages={887--893},
  year={1996}
}

@article{Kim2007,
  title={Optimised boundary compact finite difference schemes for computational aeroacoustics},
  author={Kim, Jae Wook},
  journal={Journal of Computational Physics},
  volume={225},
  number={1},
  pages={995--1019},
  year={2007},
  publisher={Elsevier}
}

@article{Kopal1955,
  title={Numerical Analysis},
  author={Kopal, Z},
  journal={Chapman and Hull Ltd., London},
  year={1955}
}

@article{Lagrange1939,
  title={Polynomes et fonctions de Legendre},
  author={Lagrange, Ren{\'e}},
  year={1939},
  journal={Gauthier-Villars}
}

@article{Lax1956,
  title={Survey of the stability of linear finite difference equations},
  author={Lax, Peter D and Richtmyer, Robert D},
  journal={Communications on pure and applied mathematics},
  volume={9},
  number={2},
  pages={267--293},
  year={1956},
  publisher={Wiley Online Library}
}

@article{Lele1991,
author = {Lele, Sanjiva K.},
journal = {Journal of Computational Physics},
volume = {103},
page = {16-42},
title = {{Compact Finite Difference Schemes with Spectral-like Resolution}},
year = {1991}
}

@article{Mclaren1963,
  title={Optimal numerical integration on a sphere},
  author={McLaren, AD},
  journal={Mathematics of Computation},
  volume={17},
  number={84},
  pages={361--383},
  year={1963}
}

@article{Monegato1998,
  title={The Euler-Maclaurin expansion and finite-part integrals},
  author={Monegato, Giovanni and Lyness, James N},
  journal={Numerische Mathematik},
  volume={81},
  number={2},
  pages={273--291},
  year={1998},
  publisher={Springer}
}


@article{Nair2002,
  title={The mass-conservative cell-integrated semi-Lagrangian advection scheme on the sphere},
  author={Nair, Ramachandran D and Machenhauer, Bennert},
  journal={Monthly Weather Review},
  volume={130},
  number={3},
  pages={649--667},
  year={2002}
}

@article{Nair2005,
  title={A discontinuous Galerkin global shallow water model},
  author={Nair, Ramachandran D and Thomas, Stephen J and Loft, Richard D},
  journal={Monthly weather review},
  volume={133},
  number={4},
  pages={876--888},
  year={2005}
}

@article{Nair2008,
  title={Moving vortices on the sphere: A test case for horizontal advection problems},
  author={Nair, Ramachandran D and Jablonowski, Christiane},
  journal={Monthly Weather Review},
  volume={136},
  number={2},
  pages={699--711},
  year={2008}
}


@article{Nair2010,
author = {Nair, Ramachandran D. and Lauritzen, Per H.},
title = {{A class of deformational flow test cases for linear transport problems on the sphere}},
journal = {Journal of Computational Physics},
volume = {229},
page = {8868-8887},
year = 2010
}

@article{Portelenelle2018,
  title={An efficient quadrature rule on the Cubed Sphere},
  author={Portelenelle, Brice and Croisille, Jean-Pierre},
  journal={Journal of Computational and Applied Mathematics},
  volume={328},
  pages={59--74},
  year={2018},
  publisher={Elsevier}
}

@book{Powell1981,
  title={Approximation theory and methods},
  author={Powell, Michael James David},
  year={1981},
  publisher={Cambridge university press}
}

@article{Qiu2002,
  title={On the construction, comparison, and local characteristic decomposition for high-order central WENO schemes},
  author={Qiu, Jianxian and Shu, Chi-Wang},
  journal={Journal of Computational Physics},
  volume={183},
  number={1},
  pages={187--209},
  year={2002},
  publisher={Elsevier}
}


@phdthesis{Redonnet2001,
  title={Simulation de la propagation acoustique en pr{\'e}sence d'{\'e}coulements quelconques et de structures solides par r{\'e}solution num{\'e}rique des {\'e}quations d'Euler},
  author={Redonnet, St{\'e}phane},
  year={2001},
  school={Bordeaux 1}
}

@article{Ronchi1996,
  title={The “cubed sphere”: a new method for the solution of partial differential equations in spherical geometry},
  author={Ronchi, C and Iacono, R and Paolucci, Pier S},
  journal={Journal of Computational Physics},
  volume={124},
  number={1},
  pages={93--114},
  year={1996},
  publisher={Elsevier}
}


@article{Sadourny1972,
	author = {Sadourny, R},
	title = {{Conservative finite-difference approximations of the Primitive equations on Quasi-Uniform spherical grid}},
	journal = {Monthly Weather Review},
	volume = {100 (2)},
	page = {136-144},
	year = 1972
}

@article{Sloan2004,
  title={Extremal systems of points and numerical integration on the sphere},
  author={Sloan, Ian H and Womersley, Robert S},
  journal={Advances in Computational Mathematics},
  volume={21},
  number={1-2},
  pages={107--125},
  year={2004},
  publisher={Springer}
}


@book{Strikwerda2004,
  title={Finite difference schemes and partial differential equations},
  author={Strikwerda, John C},
  volume={88},
  year={2004},
  publisher={Siam}
}

@article{Tam1993,
  title={Dispersion-relation-preserving finite difference schemes for computational acoustics},
  author={Tam, Christopher KW and Webb, Jay C},
  journal={Journal of computational physics},
  volume={107},
  number={2},
  pages={262--281},
  year={1993},
  publisher={Elsevier}
}

@article{Ullrich2010,
  title={High-order finite-volume methods for the shallow-water equations on the sphere},
  author={Ullrich, Paul A and Jablonowski, Christiane and Van Leer, Bram},
  journal={Journal of Computational Physics},
  volume={229},
  number={17},
  pages={6104--6134},
  year={2010},
  publisher={Elsevier}
}

@book{Ullrich2011,
  title={Atmospheric modeling with high-order finite-volume methods},
  author={Ullrich, Paul Aaron},
  year={2011},
  publisher={University of Michigan}
}

@book{VanLoan1992,
  title={Computational frameworks for the fast Fourier transform},
  author={Van Loan, Charles},
  volume={10},
  year={1992},
  publisher={Siam}
}

@article{Visbal2002,
  title={On the use of higher-order finite-difference schemes on curvilinear and deforming meshes},
  author={Visbal, Miguel R and Gaitonde, Datta V},
  journal={Journal of Computational Physics},
  volume={181},
  number={1},
  pages={155--185},
  year={2002},
  publisher={Elsevier}
}

@article{Williamson1992,
  title={A standard test set for numerical approximations to the shallow water equations in spherical geometry},
  author={Williamson, David L and Drake, John B and Hack, James J and Jakob, R{\"u}diger and Swarztrauber, Paul N},
  journal={Journal of Computational Physics},
  volume={102},
  number={1},
  pages={211--224},
  year={1992},
  publisher={Elsevier}
}

@misc{Witham1974,
  title={Linear and nonlinear waves. 1974},
  author={Witham, GB},
  publisher={Wiley, New York}
}

@article{Yee1989,
  title={A class of high resolution explicit and implicit shock-capturing methods},
  author={Yee, Helen C},
  year={1989},
  journal={NASA Technical Memorandum}
}


