@article{Croisille2013,
author = {Croisille, Jean-Pierre},
journal = {Jour. Sci. Comp.},
volume = {57},
page = {193-212},
title = {Hermitian Compact Interpolation on the Cubed-Sphere grid},
keywords = {cubed-sphere grid, finite difference scheme, Hermitian compact operator, spherical harmonics},
year = {2013}
}

@article {Kageyama2004,
author = {Kageyama, Akira and Sato, Tetsuya},
title = {“Yin-Yang grid”: An overset grid in spherical geometry},
journal = {Geochemistry, Geophysics, Geosystems},
volume = {5},
number = {9},
issn = {1525-2027},
url = {http://dx.doi.org/10.1029/2004GC000734},
doi = {10.1029/2004GC000734},
pages = {n/a--n/a},
keywords = {Mathematical Geophysics: Numerical solutions, Planetology: Fluid Planets: Interiors, Planetology: Fluid Planets: Magnetic fields and magnetism, overset grid, chimera grid, Yin-Yang grid, spherical geometry, geodynamo, mantle convection},
year = {2004},
note = {Q09005},
}

@article {Lele1992,
author = {Lele, Sanjiva K.},
title = {Compact finite-difference schemes with spectral-like resolution},
journal = {J. Comput. Phys.},
volume = {103},
page = {16-42},
year = {1992}
}


@article{Nair1999,
author = {Nair, Ramachandran D. and C\^oté, J. and Staniforth, A. },
title = {Cascade interpolation for semi-Lagrangian advection over the sphere},
journal = {Q. J. R. Meteorol. Soc},
volume = {125},
page = {1445-1468},
year = {1999}
}

@article{Nair2001,
author = {Nair, Ramachandran D. and Machenhauer, Bennert},
title = {The Mass-Conservative Cell-Integrated Semi-Lagragian Advection Scheme on the Sphere},
journal = {Monthly Weather Review},
volume = {130},
page = {649-667},
year = {2002}
}

@article{Nair2008,
author = {Nair, Ramachandran D. and Jablonowski, Christiane},
title = {Moving Vortices on the sphere : a test case for horizontal advection problems},
journal = {Monthly Weather Review},
volume = {136},
page = {699-711},
doi = {10.1175/2007MWR2105.1},
year = {2008}
}

@article {Sadourny1968,
author = {Sadourny, Robert and Arakawa, Akio and Mintz, Yale},
title = {Integration of the nondivergent barotropic vorticity equation with an icosahedral-hexagonal grid for the sphere},
journal = {Monthly Weather Review},
volume = {96},
number = {6},
pages = {351-356},
year = {1968},
}

@article {Sadourny1972,
author = {Sadourny, Robert},
title = {Conservative Finite-Difference Approximations of the Primitive Equations on Quasi-Uniform Spherical Grids},
journal = {Monthly Weather Review},
volume = {100},
pages = {136-144},
year = {1972},
}

@article {Williamson1994,
author = {Williamson, Davis L. and Drake, John B. and Hack, James J. and Jakob, Rudiger and Swarztrauber, Paul N.},
title = {A strandard test set for numerical approximations to the shallow water equation in spherical geometry},
journal = {Journal of Computational Physics},
volume = {102},
pages = {211-224},
year = {1994},
}